%YAML 1.1
%TAG !u! tag:unity3d.com,2011:
--- !u!29 &1
OcclusionCullingSettings:
  m_ObjectHideFlags: 0
  serializedVersion: 2
  m_OcclusionBakeSettings:
    smallestOccluder: 5
    smallestHole: 0.25
    backfaceThreshold: 100
  m_SceneGUID: 00000000000000000000000000000000
  m_OcclusionCullingData: {fileID: 0}
--- !u!104 &2
RenderSettings:
  m_ObjectHideFlags: 0
  serializedVersion: 9
  m_Fog: 0
  m_FogColor: {r: 0.5, g: 0.5, b: 0.5, a: 1}
  m_FogMode: 3
  m_FogDensity: 0.01
  m_LinearFogStart: 0
  m_LinearFogEnd: 300
  m_AmbientSkyColor: {r: 0.212, g: 0.227, b: 0.259, a: 1}
  m_AmbientEquatorColor: {r: 0.114, g: 0.125, b: 0.133, a: 1}
  m_AmbientGroundColor: {r: 0.047, g: 0.043, b: 0.035, a: 1}
  m_AmbientIntensity: 1
  m_AmbientMode: 3
  m_SubtractiveShadowColor: {r: 0.42, g: 0.478, b: 0.627, a: 1}
  m_SkyboxMaterial: {fileID: 0}
  m_HaloStrength: 0.5
  m_FlareStrength: 1
  m_FlareFadeSpeed: 3
  m_HaloTexture: {fileID: 0}
  m_SpotCookie: {fileID: 10001, guid: 0000000000000000e000000000000000, type: 0}
  m_DefaultReflectionMode: 0
  m_DefaultReflectionResolution: 128
  m_ReflectionBounces: 1
  m_ReflectionIntensity: 1
  m_CustomReflection: {fileID: 0}
  m_Sun: {fileID: 0}
  m_IndirectSpecularColor: {r: 0, g: 0, b: 0, a: 1}
  m_UseRadianceAmbientProbe: 0
--- !u!157 &3
LightmapSettings:
  m_ObjectHideFlags: 0
  serializedVersion: 11
  m_GIWorkflowMode: 1
  m_GISettings:
    serializedVersion: 2
    m_BounceScale: 1
    m_IndirectOutputScale: 1
    m_AlbedoBoost: 1
    m_EnvironmentLightingMode: 0
    m_EnableBakedLightmaps: 0
    m_EnableRealtimeLightmaps: 0
  m_LightmapEditorSettings:
    serializedVersion: 12
    m_Resolution: 2
    m_BakeResolution: 40
    m_AtlasSize: 1024
    m_AO: 0
    m_AOMaxDistance: 1
    m_CompAOExponent: 1
    m_CompAOExponentDirect: 0
    m_ExtractAmbientOcclusion: 0
    m_Padding: 2
    m_LightmapParameters: {fileID: 0}
    m_LightmapsBakeMode: 1
    m_TextureCompression: 1
    m_FinalGather: 0
    m_FinalGatherFiltering: 1
    m_FinalGatherRayCount: 256
    m_ReflectionCompression: 2
    m_MixedBakeMode: 2
    m_BakeBackend: 1
    m_PVRSampling: 1
    m_PVRDirectSampleCount: 32
    m_PVRSampleCount: 512
    m_PVRBounces: 2
    m_PVREnvironmentSampleCount: 256
    m_PVREnvironmentReferencePointCount: 2048
    m_PVRFilteringMode: 1
    m_PVRDenoiserTypeDirect: 1
    m_PVRDenoiserTypeIndirect: 1
    m_PVRDenoiserTypeAO: 1
    m_PVRFilterTypeDirect: 0
    m_PVRFilterTypeIndirect: 0
    m_PVRFilterTypeAO: 0
    m_PVREnvironmentMIS: 1
    m_PVRCulling: 1
    m_PVRFilteringGaussRadiusDirect: 1
    m_PVRFilteringGaussRadiusIndirect: 5
    m_PVRFilteringGaussRadiusAO: 2
    m_PVRFilteringAtrousPositionSigmaDirect: 0.5
    m_PVRFilteringAtrousPositionSigmaIndirect: 2
    m_PVRFilteringAtrousPositionSigmaAO: 1
    m_ExportTrainingData: 0
    m_TrainingDataDestination: TrainingData
  m_LightingDataAsset: {fileID: 0}
  m_UseShadowmask: 1
--- !u!196 &4
NavMeshSettings:
  serializedVersion: 2
  m_ObjectHideFlags: 0
  m_BuildSettings:
    serializedVersion: 2
    agentTypeID: 0
    agentRadius: 0.5
    agentHeight: 2
    agentSlope: 45
    agentClimb: 0.4
    ledgeDropHeight: 0
    maxJumpAcrossDistance: 0
    minRegionArea: 2
    manualCellSize: 0
    cellSize: 0.16666667
    manualTileSize: 0
    tileSize: 256
    accuratePlacement: 0
    debug:
      m_Flags: 0
  m_NavMeshData: {fileID: 0}
--- !u!1 &343958626
GameObject:
  m_ObjectHideFlags: 0
  m_CorrespondingSourceObject: {fileID: 0}
  m_PrefabInstance: {fileID: 0}
  m_PrefabAsset: {fileID: 0}
  serializedVersion: 6
  m_Component:
  - component: {fileID: 343958629}
  - component: {fileID: 343958628}
  - component: {fileID: 343958627}
  - component: {fileID: 343958630}
  - component: {fileID: 343958631}
  - component: {fileID: 343958632}
  m_Layer: 0
  m_Name: Main Camera
  m_TagString: MainCamera
  m_Icon: {fileID: 0}
  m_NavMeshLayer: 0
  m_StaticEditorFlags: 0
  m_IsActive: 1
--- !u!81 &343958627
AudioListener:
  m_ObjectHideFlags: 0
  m_CorrespondingSourceObject: {fileID: 0}
  m_PrefabInstance: {fileID: 0}
  m_PrefabAsset: {fileID: 0}
  m_GameObject: {fileID: 343958626}
  m_Enabled: 1
--- !u!20 &343958628
Camera:
  m_ObjectHideFlags: 0
  m_CorrespondingSourceObject: {fileID: 0}
  m_PrefabInstance: {fileID: 0}
  m_PrefabAsset: {fileID: 0}
  m_GameObject: {fileID: 343958626}
  m_Enabled: 1
  serializedVersion: 2
  m_ClearFlags: 1
  m_BackGroundColor: {r: 0.19215687, g: 0.3019608, b: 0.4745098, a: 0}
  m_projectionMatrixMode: 1
  m_GateFitMode: 2
  m_FOVAxisMode: 0
  m_SensorSize: {x: 36, y: 24}
  m_LensShift: {x: 0, y: 0}
  m_FocalLength: 50
  m_NormalizedViewPortRect:
    serializedVersion: 2
    x: 0
    y: 0
    width: 1
    height: 1
  near clip plane: 0.3
  far clip plane: 1000
  field of view: 60
  orthographic: 1
  orthographic size: 12
  m_Depth: -1
  m_CullingMask:
    serializedVersion: 2
    m_Bits: 4294967295
  m_RenderingPath: -1
  m_TargetTexture: {fileID: 0}
  m_TargetDisplay: 0
  m_TargetEye: 3
  m_HDR: 1
  m_AllowMSAA: 1
  m_AllowDynamicResolution: 0
  m_ForceIntoRT: 0
  m_OcclusionCulling: 1
  m_StereoConvergence: 10
  m_StereoSeparation: 0.022
--- !u!4 &343958629
Transform:
  m_ObjectHideFlags: 0
  m_CorrespondingSourceObject: {fileID: 0}
  m_PrefabInstance: {fileID: 0}
  m_PrefabAsset: {fileID: 0}
  m_GameObject: {fileID: 343958626}
  m_LocalRotation: {x: 0, y: 0, z: 0, w: 1}
  m_LocalPosition: {x: 0, y: 0, z: -10}
  m_LocalScale: {x: 1, y: 1, z: 1}
  m_Children: []
  m_Father: {fileID: 0}
  m_RootOrder: 0
  m_LocalEulerAnglesHint: {x: 0, y: 0, z: 0}
--- !u!114 &343958630
MonoBehaviour:
  m_ObjectHideFlags: 0
  m_CorrespondingSourceObject: {fileID: 0}
  m_PrefabInstance: {fileID: 0}
  m_PrefabAsset: {fileID: 0}
  m_GameObject: {fileID: 343958626}
  m_Enabled: 1
  m_EditorHideFlags: 0
  m_Script: {fileID: 11500000, guid: f651f3b3dcec64e3ca6cc225cbe29b09, type: 3}
  m_Name: 
  m_EditorClassIdentifier: 
  OnDeadPrefab: {fileID: 3534122209633542695, guid: 8112caa15edd34cf982ec63a1c1c2886,
    type: 3}
--- !u!114 &343958631
MonoBehaviour:
  m_ObjectHideFlags: 0
  m_CorrespondingSourceObject: {fileID: 0}
  m_PrefabInstance: {fileID: 0}
  m_PrefabAsset: {fileID: 0}
  m_GameObject: {fileID: 343958626}
  m_Enabled: 1
  m_EditorHideFlags: 0
  m_Script: {fileID: 11500000, guid: 5cfcae55d327f6244aab61b7e6dad78d, type: 3}
  m_Name: 
  m_EditorClassIdentifier: 
  sparkPrefab: {fileID: 0}
  bigSparkPrefab: {fileID: 0}
  slowInProgress: 0
  camshakeInProgress: 0
  LegUsTint: {r: 1, g: 1, b: 1, a: 1}
  LegEnemyTint: {r: 0.6, g: 0.6, b: 0.6, a: 1}
  LegFreeTint: {r: 0.8, g: 1, b: 0.8, a: 1}
--- !u!114 &343958632
MonoBehaviour:
  m_ObjectHideFlags: 0
  m_CorrespondingSourceObject: {fileID: 0}
  m_PrefabInstance: {fileID: 0}
  m_PrefabAsset: {fileID: 0}
  m_GameObject: {fileID: 343958626}
  m_Enabled: 1
  m_EditorHideFlags: 0
  m_Script: {fileID: 11500000, guid: 1dafd6656c23e764bbce7f81dc8a3430, type: 3}
  m_Name: 
  m_EditorClassIdentifier: 
  sounder: {fileID: 0}
  soundLock: []
  soundUnlock: []
--- !u!1001 &495969902
PrefabInstance:
  m_ObjectHideFlags: 0
  serializedVersion: 2
  m_Modification:
    m_TransformParent: {fileID: 0}
    m_Modifications:
    - target: {fileID: 4120436087534951328, guid: 28759af6e1d2447a2a38898cb28c89a3,
        type: 3}
      propertyPath: m_Name
      value: Enemy1
      objectReference: {fileID: 0}
    - target: {fileID: 4120436087534951331, guid: 28759af6e1d2447a2a38898cb28c89a3,
        type: 3}
      propertyPath: m_LocalPosition.x
      value: 2.16
      objectReference: {fileID: 0}
    - target: {fileID: 4120436087534951331, guid: 28759af6e1d2447a2a38898cb28c89a3,
        type: 3}
      propertyPath: m_LocalPosition.y
      value: 0.09
      objectReference: {fileID: 0}
    - target: {fileID: 4120436087534951331, guid: 28759af6e1d2447a2a38898cb28c89a3,
        type: 3}
      propertyPath: m_LocalPosition.z
      value: 0
      objectReference: {fileID: 0}
    - target: {fileID: 4120436087534951331, guid: 28759af6e1d2447a2a38898cb28c89a3,
        type: 3}
      propertyPath: m_LocalRotation.x
      value: 0
      objectReference: {fileID: 0}
    - target: {fileID: 4120436087534951331, guid: 28759af6e1d2447a2a38898cb28c89a3,
        type: 3}
      propertyPath: m_LocalRotation.y
      value: 0
      objectReference: {fileID: 0}
    - target: {fileID: 4120436087534951331, guid: 28759af6e1d2447a2a38898cb28c89a3,
        type: 3}
      propertyPath: m_LocalRotation.z
      value: 0
      objectReference: {fileID: 0}
    - target: {fileID: 4120436087534951331, guid: 28759af6e1d2447a2a38898cb28c89a3,
        type: 3}
      propertyPath: m_LocalRotation.w
      value: 1
      objectReference: {fileID: 0}
    - target: {fileID: 4120436087534951331, guid: 28759af6e1d2447a2a38898cb28c89a3,
        type: 3}
      propertyPath: m_RootOrder
      value: 6
      objectReference: {fileID: 0}
    - target: {fileID: 4120436087534951331, guid: 28759af6e1d2447a2a38898cb28c89a3,
        type: 3}
      propertyPath: m_LocalEulerAnglesHint.x
      value: 0
      objectReference: {fileID: 0}
    - target: {fileID: 4120436087534951331, guid: 28759af6e1d2447a2a38898cb28c89a3,
        type: 3}
      propertyPath: m_LocalEulerAnglesHint.y
      value: 0
      objectReference: {fileID: 0}
    - target: {fileID: 4120436087534951331, guid: 28759af6e1d2447a2a38898cb28c89a3,
        type: 3}
      propertyPath: m_LocalEulerAnglesHint.z
      value: 0
      objectReference: {fileID: 0}
    - target: {fileID: 4120436087534951331, guid: 28759af6e1d2447a2a38898cb28c89a3,
        type: 3}
      propertyPath: m_LocalScale.y
      value: 1
      objectReference: {fileID: 0}
    - target: {fileID: 4120436087534951331, guid: 28759af6e1d2447a2a38898cb28c89a3,
        type: 3}
      propertyPath: m_LocalScale.x
      value: 1
      objectReference: {fileID: 0}
    - target: {fileID: 4120436087534951333, guid: 28759af6e1d2447a2a38898cb28c89a3,
        type: 3}
      propertyPath: side
      value: 2
      objectReference: {fileID: 0}
    - target: {fileID: 4120436087534951333, guid: 28759af6e1d2447a2a38898cb28c89a3,
        type: 3}
      propertyPath: _side
      value: 2
      objectReference: {fileID: 0}
    m_RemovedComponents: []
  m_SourcePrefab: {fileID: 100100000, guid: 28759af6e1d2447a2a38898cb28c89a3, type: 3}
--- !u!1001 &553679737
PrefabInstance:
  m_ObjectHideFlags: 0
  serializedVersion: 2
  m_Modification:
    m_TransformParent: {fileID: 0}
    m_Modifications:
    - target: {fileID: 4492100303306604030, guid: ce9e6198bdecf1e43b6b08243bef8430,
        type: 3}
      propertyPath: m_Name
      value: Enemy_Packed_1
      objectReference: {fileID: 0}
    - target: {fileID: 493448358124910212, guid: ce9e6198bdecf1e43b6b08243bef8430,
        type: 3}
      propertyPath: m_LocalPosition.x
      value: 14.8
      objectReference: {fileID: 0}
    - target: {fileID: 493448358124910212, guid: ce9e6198bdecf1e43b6b08243bef8430,
        type: 3}
      propertyPath: m_LocalPosition.y
      value: -6.6
      objectReference: {fileID: 0}
    - target: {fileID: 493448358124910212, guid: ce9e6198bdecf1e43b6b08243bef8430,
        type: 3}
      propertyPath: m_LocalPosition.z
      value: 0
      objectReference: {fileID: 0}
    - target: {fileID: 493448358124910212, guid: ce9e6198bdecf1e43b6b08243bef8430,
        type: 3}
      propertyPath: m_LocalRotation.x
      value: 0
      objectReference: {fileID: 0}
    - target: {fileID: 493448358124910212, guid: ce9e6198bdecf1e43b6b08243bef8430,
        type: 3}
      propertyPath: m_LocalRotation.y
      value: 0
      objectReference: {fileID: 0}
    - target: {fileID: 493448358124910212, guid: ce9e6198bdecf1e43b6b08243bef8430,
        type: 3}
      propertyPath: m_LocalRotation.z
      value: 0
      objectReference: {fileID: 0}
    - target: {fileID: 493448358124910212, guid: ce9e6198bdecf1e43b6b08243bef8430,
        type: 3}
      propertyPath: m_LocalRotation.w
      value: 1
      objectReference: {fileID: 0}
    - target: {fileID: 493448358124910212, guid: ce9e6198bdecf1e43b6b08243bef8430,
        type: 3}
      propertyPath: m_RootOrder
      value: 7
      objectReference: {fileID: 0}
    - target: {fileID: 493448358124910212, guid: ce9e6198bdecf1e43b6b08243bef8430,
        type: 3}
      propertyPath: m_LocalEulerAnglesHint.x
      value: 0
      objectReference: {fileID: 0}
    - target: {fileID: 493448358124910212, guid: ce9e6198bdecf1e43b6b08243bef8430,
        type: 3}
      propertyPath: m_LocalEulerAnglesHint.y
      value: 0
      objectReference: {fileID: 0}
    - target: {fileID: 493448358124910212, guid: ce9e6198bdecf1e43b6b08243bef8430,
        type: 3}
      propertyPath: m_LocalEulerAnglesHint.z
      value: 0
      objectReference: {fileID: 0}
    - target: {fileID: 493448358124910212, guid: ce9e6198bdecf1e43b6b08243bef8430,
        type: 3}
      propertyPath: m_LocalScale.x
      value: 1
      objectReference: {fileID: 0}
    - target: {fileID: 493448358124910212, guid: ce9e6198bdecf1e43b6b08243bef8430,
        type: 3}
      propertyPath: m_LocalScale.y
      value: 1
      objectReference: {fileID: 0}
    - target: {fileID: 6922837708530270159, guid: ce9e6198bdecf1e43b6b08243bef8430,
        type: 3}
      propertyPath: m_ConnectedAnchor.y
      value: 0.07999992
      objectReference: {fileID: 0}
    - target: {fileID: 7935432615208099370, guid: ce9e6198bdecf1e43b6b08243bef8430,
        type: 3}
      propertyPath: _side
      value: 2
      objectReference: {fileID: 0}
    m_RemovedComponents: []
  m_SourcePrefab: {fileID: 100100000, guid: ce9e6198bdecf1e43b6b08243bef8430, type: 3}
--- !u!1001 &666204442
PrefabInstance:
  m_ObjectHideFlags: 0
  serializedVersion: 2
  m_Modification:
    m_TransformParent: {fileID: 0}
    m_Modifications:
    - target: {fileID: 4787499493672874364, guid: f8cbe4e84bc414ad188f15fce2f7eefc,
        type: 3}
      propertyPath: m_Name
      value: Connector1
      objectReference: {fileID: 0}
    - target: {fileID: 4787499493672874336, guid: f8cbe4e84bc414ad188f15fce2f7eefc,
        type: 3}
      propertyPath: m_LocalPosition.x
      value: -13.000729
      objectReference: {fileID: 0}
    - target: {fileID: 4787499493672874336, guid: f8cbe4e84bc414ad188f15fce2f7eefc,
        type: 3}
      propertyPath: m_LocalPosition.y
      value: -8.723742
      objectReference: {fileID: 0}
    - target: {fileID: 4787499493672874336, guid: f8cbe4e84bc414ad188f15fce2f7eefc,
        type: 3}
      propertyPath: m_LocalPosition.z
      value: 0
      objectReference: {fileID: 0}
    - target: {fileID: 4787499493672874336, guid: f8cbe4e84bc414ad188f15fce2f7eefc,
        type: 3}
      propertyPath: m_LocalRotation.x
      value: -0
      objectReference: {fileID: 0}
    - target: {fileID: 4787499493672874336, guid: f8cbe4e84bc414ad188f15fce2f7eefc,
        type: 3}
      propertyPath: m_LocalRotation.y
      value: -0
      objectReference: {fileID: 0}
    - target: {fileID: 4787499493672874336, guid: f8cbe4e84bc414ad188f15fce2f7eefc,
        type: 3}
      propertyPath: m_LocalRotation.z
      value: -0
      objectReference: {fileID: 0}
    - target: {fileID: 4787499493672874336, guid: f8cbe4e84bc414ad188f15fce2f7eefc,
        type: 3}
      propertyPath: m_LocalRotation.w
      value: 1
      objectReference: {fileID: 0}
    - target: {fileID: 4787499493672874336, guid: f8cbe4e84bc414ad188f15fce2f7eefc,
        type: 3}
      propertyPath: m_RootOrder
      value: 5
      objectReference: {fileID: 0}
    - target: {fileID: 4787499493672874336, guid: f8cbe4e84bc414ad188f15fce2f7eefc,
        type: 3}
      propertyPath: m_LocalEulerAnglesHint.x
      value: 0
      objectReference: {fileID: 0}
    - target: {fileID: 4787499493672874336, guid: f8cbe4e84bc414ad188f15fce2f7eefc,
        type: 3}
      propertyPath: m_LocalEulerAnglesHint.y
      value: 0
      objectReference: {fileID: 0}
    - target: {fileID: 4787499493672874336, guid: f8cbe4e84bc414ad188f15fce2f7eefc,
        type: 3}
      propertyPath: m_LocalEulerAnglesHint.z
      value: 0
      objectReference: {fileID: 0}
    m_RemovedComponents: []
  m_SourcePrefab: {fileID: 100100000, guid: f8cbe4e84bc414ad188f15fce2f7eefc, type: 3}
--- !u!1 &680865308
GameObject:
  m_ObjectHideFlags: 0
  m_CorrespondingSourceObject: {fileID: 0}
  m_PrefabInstance: {fileID: 0}
  m_PrefabAsset: {fileID: 0}
  serializedVersion: 6
  m_Component:
  - component: {fileID: 680865312}
  - component: {fileID: 680865311}
  - component: {fileID: 680865310}
  - component: {fileID: 680865309}
  m_Layer: 10
  m_Name: Terrain
  m_TagString: Untagged
  m_Icon: {fileID: 0}
  m_NavMeshLayer: 0
  m_StaticEditorFlags: 0
  m_IsActive: 1
--- !u!114 &680865309
MonoBehaviour:
  m_ObjectHideFlags: 0
  m_CorrespondingSourceObject: {fileID: 0}
  m_PrefabInstance: {fileID: 0}
  m_PrefabAsset: {fileID: 0}
  m_GameObject: {fileID: 680865308}
  m_Enabled: 1
  m_EditorHideFlags: 0
  m_Script: {fileID: 11500000, guid: 90539df1cd5704abcb25fec9f3f5f84b, type: 3}
  m_Name: 
  m_EditorClassIdentifier: 
  m_Spline:
    m_IsOpenEnded: 0
    m_ControlPoints:
    - position: {x: -11.137707, y: -0.6410866, z: 0}
      leftTangent: {x: 0, y: 0, z: 0}
      rightTangent: {x: 0, y: 0, z: 0}
      mode: 0
      height: 0.27
      bevelCutoff: 0
      bevelSize: 0
      spriteIndex: 0
      corner: 1
    - position: {x: -11.281875, y: 9.342615, z: 0}
      leftTangent: {x: 0, y: 0, z: 0}
      rightTangent: {x: 0, y: 0, z: 0}
      mode: 0
      height: 0.15
      bevelCutoff: 0
      bevelSize: 0
      spriteIndex: 0
      corner: 0
    - position: {x: -10.468144, y: -0.0001835823, z: 0}
      leftTangent: {x: 0, y: 0, z: 0}
      rightTangent: {x: 0, y: 0, z: 0}
      mode: 0
      height: 0.27
      bevelCutoff: 0
      bevelSize: 0
      spriteIndex: 0
      corner: 0
    - position: {x: -4.6510353, y: 0.20475006, z: 0}
      leftTangent: {x: -1.6698616, y: -0.2506943, z: -0}
      rightTangent: {x: 1.2832271, y: 0.19264933, z: 0}
      mode: 1
      height: 0.32
      bevelCutoff: 0
      bevelSize: 0
      spriteIndex: 0
      corner: 1
    - position: {x: -1.3206303, y: 1.3013804, z: 0}
      leftTangent: {x: -1.29754, y: -0.013240814, z: 0}
      rightTangent: {x: 1.3524646, y: 0.013801336, z: 0}
      mode: 1
      height: 0.21
      bevelCutoff: 0
      bevelSize: 0
      spriteIndex: 0
      corner: 1
    - position: {x: 1.466525, y: 0.45188737, z: 0}
      leftTangent: {x: -1.0650547, y: 0.9623971, z: 0}
      rightTangent: {x: 1.0977513, y: -0.99194217, z: 0}
      mode: 1
      height: 0.27
      bevelCutoff: 0
      bevelSize: 0
      spriteIndex: 0
      corner: 0
    - position: {x: 7.4639993, y: 0.060093403, z: 0}
      leftTangent: {x: 0, y: 0, z: 0}
      rightTangent: {x: 0, y: 0, z: 0}
      mode: 0
      height: 0.21
      bevelCutoff: 0
      bevelSize: 0
      spriteIndex: 0
      corner: 0
    - position: {x: 8.0969, y: 9.342615, z: 0}
      leftTangent: {x: 0, y: 0, z: 0}
      rightTangent: {x: 0, y: 0, z: 0}
      mode: 0
      height: 0.49
      bevelCutoff: 0
      bevelSize: 0
      spriteIndex: 0
      corner: 0
    - position: {x: 8.0828705, y: -0.14708805, z: 0}
      leftTangent: {x: 0, y: 0, z: 0}
      rightTangent: {x: 0, y: 0, z: 0}
      mode: 0
      height: 0.27
      bevelCutoff: 0
      bevelSize: 0
      spriteIndex: 0
      corner: 1
  m_SpriteShape: {fileID: 11400000, guid: 4c1b5b006c2674a728b4d2d0324da35f, type: 2}
  m_FillPixelPerUnit: 100
  m_StretchTiling: 1
  m_SplineDetail: 16
  m_AdaptiveUV: 1
  m_StretchUV: 1
  m_WorldSpaceUV: 0
  m_ColliderDetail: 16
  m_ColliderOffset: 0.5
  m_UpdateCollider: 1
  m_OptimizeCollider: 1
  m_OptimizeGeometry: 1
--- !u!1971053207 &680865310
SpriteShapeRenderer:
  m_ObjectHideFlags: 0
  m_CorrespondingSourceObject: {fileID: 0}
  m_PrefabInstance: {fileID: 0}
  m_PrefabAsset: {fileID: 0}
  m_GameObject: {fileID: 680865308}
  m_Enabled: 1
  m_CastShadows: 1
  m_ReceiveShadows: 1
  m_DynamicOccludee: 0
  m_MotionVectors: 1
  m_LightProbeUsage: 1
  m_ReflectionProbeUsage: 1
  m_RenderingLayerMask: 1
  m_RendererPriority: 0
  m_Materials:
  - {fileID: 10754, guid: 0000000000000000f000000000000000, type: 0}
  - {fileID: 10754, guid: 0000000000000000f000000000000000, type: 0}
  m_StaticBatchInfo:
    firstSubMesh: 0
    subMeshCount: 0
  m_StaticBatchRoot: {fileID: 0}
  m_ProbeAnchor: {fileID: 0}
  m_LightProbeVolumeOverride: {fileID: 0}
  m_ScaleInLightmap: 1
  m_ReceiveGI: 1
  m_PreserveUVs: 0
  m_IgnoreNormalsForChartDetection: 0
  m_ImportantGI: 0
  m_StitchLightmapSeams: 1
  m_SelectedEditorRenderState: 0
  m_MinimumChartSize: 4
  m_AutoUVMaxDistance: 0.5
  m_AutoUVMaxAngle: 89
  m_LightmapParameters: {fileID: 0}
  m_SortingLayerID: 0
  m_SortingLayer: 0
  m_SortingOrder: 0
  m_Color: {r: 1, g: 1, b: 1, a: 1}
  m_MaskInteraction: 0
  m_ShapeTexture: {fileID: 2800000, guid: d16685802fb07524fa6f1f87341406cb, type: 3}
  m_Sprites:
  - {fileID: 21300000, guid: 52135e275eb3c40e3a92fec4172abe67, type: 3}
  m_LocalAABB:
    m_Center: {x: -1.4915533, y: 4.3538713, z: -0.005025}
    m_Extent: {x: 10.078453, y: 5.2785683, z: 0.005025}
--- !u!60 &680865311
PolygonCollider2D:
  m_ObjectHideFlags: 0
  m_CorrespondingSourceObject: {fileID: 0}
  m_PrefabInstance: {fileID: 0}
  m_PrefabAsset: {fileID: 0}
  m_GameObject: {fileID: 680865308}
  m_Enabled: 1
  m_Density: 1
  m_Material: {fileID: 0}
  m_IsTrigger: 0
  m_UsedByEffector: 0
  m_UsedByComposite: 0
  m_Offset: {x: 0, y: 0}
  m_SpriteTilingProperty:
    border: {x: 0, y: 0, z: 0, w: 0}
    pivot: {x: 0, y: 0}
    oldSize: {x: 0, y: 0}
    newSize: {x: 0, y: 0}
    adaptiveTilingThreshold: 0
    drawMode: 0
    adaptiveTiling: 0
  m_AutoTiling: 0
  m_Points:
    m_Paths:
    - - {x: -11.407679, y: -0.6449871}
      - {x: -11.431859, y: 9.340448}
      - {x: -11.132441, y: 9.355631}
      - {x: -10.224027, y: 0.271875}
      - {x: -8.903767, y: 0.2831928}
      - {x: -7.9397798, y: 0.30438185}
      - {x: -6.912029, y: 0.34063196}
      - {x: -5.91625, y: 0.39583743}
      - {x: -5.460833, y: 0.4316643}
      - {x: -5.050677, y: 0.47340894}
      - {x: -4.3976297, y: 0.5732287}
      - {x: -4.038298, y: 0.6704705}
      - {x: -3.623249, y: 0.82849574}
      - {x: -2.7873278, y: 1.1971718}
      - {x: -2.3392434, y: 1.3606954}
      - {x: -2.1019862, y: 1.4256301}
      - {x: -1.8541396, y: 1.4746516}
      - {x: -1.5946556, y: 1.5043108}
      - {x: -0.6136538, y: 1.5347145}
      - {x: -0.21821049, y: 1.5321434}
      - {x: 0.14733395, y: 1.4935818}
      - {x: 0.5021005, y: 1.3992071}
      - {x: 0.8581532, y: 1.2342284}
      - {x: 1.2317476, y: 0.9891206}
      - {x: 1.6304709, y: 0.66641426}
      - {x: 1.8575946, y: 0.5106698}
      - {x: 2.1676598, y: 0.38551152}
      - {x: 2.5625525, y: 0.28402567}
      - {x: 3.021626, y: 0.20858455}
      - {x: 3.5260448, y: 0.15782174}
      - {x: 4.058334, y: 0.1289706}
      - {x: 4.601801, y: 0.11871827}
      - {x: 5.657558, y: 0.13973764}
      - {x: 6.5659084, y: 0.19159785}
      - {x: 7.2612724, y: 0.2529389}
      - {x: 7.608035, y: 9.37595}
      - {x: 8.5869, y: 9.341888}
      - {x: 8.352871, y: -0.14748809}
      - {x: 8.0898075, y: -0.41699892}
      - {x: -10.885885, y: -0.9047036}
      - {x: -11.13077, y: -0.9109974}
      - {x: -11.407679, y: -0.6449871}
--- !u!4 &680865312
Transform:
  m_ObjectHideFlags: 0
  m_CorrespondingSourceObject: {fileID: 0}
  m_PrefabInstance: {fileID: 0}
  m_PrefabAsset: {fileID: 0}
  m_GameObject: {fileID: 680865308}
  m_LocalRotation: {x: 0, y: 0, z: 0, w: 1}
  m_LocalPosition: {x: 3.8, y: -12.5, z: 0}
  m_LocalScale: {x: 2.644281, y: 2.227969, z: 1}
  m_Children: []
  m_Father: {fileID: 0}
  m_RootOrder: 9
  m_LocalEulerAnglesHint: {x: 0, y: 0, z: 0}
--- !u!1001 &1251920992
PrefabInstance:
  m_ObjectHideFlags: 0
  serializedVersion: 2
  m_Modification:
    m_TransformParent: {fileID: 0}
    m_Modifications:
    - target: {fileID: 7130204380355426422, guid: bf8b779be991e480b9d1c43a1aa6b421,
        type: 3}
      propertyPath: m_Name
      value: FirstBody
      objectReference: {fileID: 0}
    - target: {fileID: 7130204380355426409, guid: bf8b779be991e480b9d1c43a1aa6b421,
        type: 3}
      propertyPath: m_LocalPosition.x
      value: -19.701385
      objectReference: {fileID: 0}
    - target: {fileID: 7130204380355426409, guid: bf8b779be991e480b9d1c43a1aa6b421,
        type: 3}
      propertyPath: m_LocalPosition.y
      value: -8.6264105
      objectReference: {fileID: 0}
    - target: {fileID: 7130204380355426409, guid: bf8b779be991e480b9d1c43a1aa6b421,
        type: 3}
      propertyPath: m_LocalPosition.z
      value: 0
      objectReference: {fileID: 0}
    - target: {fileID: 7130204380355426409, guid: bf8b779be991e480b9d1c43a1aa6b421,
        type: 3}
      propertyPath: m_LocalRotation.x
      value: 0
      objectReference: {fileID: 0}
    - target: {fileID: 7130204380355426409, guid: bf8b779be991e480b9d1c43a1aa6b421,
        type: 3}
      propertyPath: m_LocalRotation.y
      value: 0
      objectReference: {fileID: 0}
    - target: {fileID: 7130204380355426409, guid: bf8b779be991e480b9d1c43a1aa6b421,
        type: 3}
      propertyPath: m_LocalRotation.z
      value: 0
      objectReference: {fileID: 0}
    - target: {fileID: 7130204380355426409, guid: bf8b779be991e480b9d1c43a1aa6b421,
        type: 3}
      propertyPath: m_LocalRotation.w
      value: 1
      objectReference: {fileID: 0}
    - target: {fileID: 7130204380355426409, guid: bf8b779be991e480b9d1c43a1aa6b421,
        type: 3}
      propertyPath: m_RootOrder
      value: 2
      objectReference: {fileID: 0}
    - target: {fileID: 7130204380355426409, guid: bf8b779be991e480b9d1c43a1aa6b421,
        type: 3}
      propertyPath: m_LocalEulerAnglesHint.x
      value: 0
      objectReference: {fileID: 0}
    - target: {fileID: 7130204380355426409, guid: bf8b779be991e480b9d1c43a1aa6b421,
        type: 3}
      propertyPath: m_LocalEulerAnglesHint.y
      value: 0
      objectReference: {fileID: 0}
    - target: {fileID: 7130204380355426409, guid: bf8b779be991e480b9d1c43a1aa6b421,
        type: 3}
      propertyPath: m_LocalEulerAnglesHint.z
      value: 0
      objectReference: {fileID: 0}
    m_RemovedComponents: []
  m_SourcePrefab: {fileID: 100100000, guid: bf8b779be991e480b9d1c43a1aa6b421, type: 3}
--- !u!1001 &1445919856
PrefabInstance:
  m_ObjectHideFlags: 0
  serializedVersion: 2
  m_Modification:
    m_TransformParent: {fileID: 0}
    m_Modifications:
    - target: {fileID: 4787499493672874364, guid: 9c374a88e984d45b7bdb3daeb07a930c,
        type: 3}
      propertyPath: m_Name
      value: Hammer
      objectReference: {fileID: 0}
    - target: {fileID: 4787499493672874336, guid: 9c374a88e984d45b7bdb3daeb07a930c,
        type: 3}
      propertyPath: m_LocalPosition.x
      value: -8.9
      objectReference: {fileID: 0}
    - target: {fileID: 4787499493672874336, guid: 9c374a88e984d45b7bdb3daeb07a930c,
        type: 3}
      propertyPath: m_LocalPosition.y
      value: -8.4
      objectReference: {fileID: 0}
    - target: {fileID: 4787499493672874336, guid: 9c374a88e984d45b7bdb3daeb07a930c,
        type: 3}
      propertyPath: m_LocalPosition.z
      value: 0
      objectReference: {fileID: 0}
    - target: {fileID: 4787499493672874336, guid: 9c374a88e984d45b7bdb3daeb07a930c,
        type: 3}
      propertyPath: m_LocalRotation.x
      value: -0
      objectReference: {fileID: 0}
    - target: {fileID: 4787499493672874336, guid: 9c374a88e984d45b7bdb3daeb07a930c,
        type: 3}
      propertyPath: m_LocalRotation.y
      value: -0
      objectReference: {fileID: 0}
    - target: {fileID: 4787499493672874336, guid: 9c374a88e984d45b7bdb3daeb07a930c,
        type: 3}
      propertyPath: m_LocalRotation.z
      value: -0
      objectReference: {fileID: 0}
    - target: {fileID: 4787499493672874336, guid: 9c374a88e984d45b7bdb3daeb07a930c,
        type: 3}
      propertyPath: m_LocalRotation.w
      value: 1
      objectReference: {fileID: 0}
    - target: {fileID: 4787499493672874336, guid: 9c374a88e984d45b7bdb3daeb07a930c,
        type: 3}
      propertyPath: m_RootOrder
      value: 4
      objectReference: {fileID: 0}
    - target: {fileID: 4787499493672874336, guid: 9c374a88e984d45b7bdb3daeb07a930c,
        type: 3}
      propertyPath: m_LocalEulerAnglesHint.x
      value: 0
      objectReference: {fileID: 0}
    - target: {fileID: 4787499493672874336, guid: 9c374a88e984d45b7bdb3daeb07a930c,
        type: 3}
      propertyPath: m_LocalEulerAnglesHint.y
      value: 0
      objectReference: {fileID: 0}
    - target: {fileID: 4787499493672874336, guid: 9c374a88e984d45b7bdb3daeb07a930c,
        type: 3}
      propertyPath: m_LocalEulerAnglesHint.z
      value: 0
      objectReference: {fileID: 0}
    m_RemovedComponents: []
  m_SourcePrefab: {fileID: 100100000, guid: 9c374a88e984d45b7bdb3daeb07a930c, type: 3}
--- !u!1001 &1641977586
PrefabInstance:
  m_ObjectHideFlags: 0
  serializedVersion: 2
  m_Modification:
    m_TransformParent: {fileID: 0}
    m_Modifications:
    - target: {fileID: 4787499493672874364, guid: 3a023133e37564a7292fb2675587d607,
        type: 3}
      propertyPath: m_Name
      value: Butcher
      objectReference: {fileID: 0}
    - target: {fileID: 4787499493672874336, guid: 3a023133e37564a7292fb2675587d607,
        type: 3}
      propertyPath: m_LocalPosition.x
      value: -5.72653
      objectReference: {fileID: 0}
    - target: {fileID: 4787499493672874336, guid: 3a023133e37564a7292fb2675587d607,
        type: 3}
      propertyPath: m_LocalPosition.y
      value: -5.424418
      objectReference: {fileID: 0}
    - target: {fileID: 4787499493672874336, guid: 3a023133e37564a7292fb2675587d607,
        type: 3}
      propertyPath: m_LocalPosition.z
      value: 0
      objectReference: {fileID: 0}
    - target: {fileID: 4787499493672874336, guid: 3a023133e37564a7292fb2675587d607,
        type: 3}
      propertyPath: m_LocalRotation.x
      value: -0
      objectReference: {fileID: 0}
    - target: {fileID: 4787499493672874336, guid: 3a023133e37564a7292fb2675587d607,
        type: 3}
      propertyPath: m_LocalRotation.y
      value: -0
      objectReference: {fileID: 0}
    - target: {fileID: 4787499493672874336, guid: 3a023133e37564a7292fb2675587d607,
        type: 3}
      propertyPath: m_LocalRotation.z
      value: -0
      objectReference: {fileID: 0}
    - target: {fileID: 4787499493672874336, guid: 3a023133e37564a7292fb2675587d607,
        type: 3}
      propertyPath: m_LocalRotation.w
      value: 1
      objectReference: {fileID: 0}
    - target: {fileID: 4787499493672874336, guid: 3a023133e37564a7292fb2675587d607,
        type: 3}
      propertyPath: m_RootOrder
      value: 1
      objectReference: {fileID: 0}
    - target: {fileID: 4787499493672874336, guid: 3a023133e37564a7292fb2675587d607,
        type: 3}
      propertyPath: m_LocalEulerAnglesHint.x
      value: 0
      objectReference: {fileID: 0}
    - target: {fileID: 4787499493672874336, guid: 3a023133e37564a7292fb2675587d607,
        type: 3}
      propertyPath: m_LocalEulerAnglesHint.y
      value: 0
      objectReference: {fileID: 0}
    - target: {fileID: 4787499493672874336, guid: 3a023133e37564a7292fb2675587d607,
        type: 3}
      propertyPath: m_LocalEulerAnglesHint.z
      value: 0
      objectReference: {fileID: 0}
    - target: {fileID: 1674284184063592585, guid: 3a023133e37564a7292fb2675587d607,
        type: 3}
      propertyPath: m_ConnectedAnchor.y
      value: 0.07999992
      objectReference: {fileID: 0}
    m_RemovedComponents: []
  m_SourcePrefab: {fileID: 100100000, guid: 3a023133e37564a7292fb2675587d607, type: 3}
--- !u!1001 &2003727626
PrefabInstance:
  m_ObjectHideFlags: 0
  serializedVersion: 2
  m_Modification:
    m_TransformParent: {fileID: 0}
    m_Modifications:
    - target: {fileID: 4120436087534951328, guid: 28759af6e1d2447a2a38898cb28c89a3,
        type: 3}
      propertyPath: m_Name
      value: Enemy1 (1)
      objectReference: {fileID: 0}
    - target: {fileID: 4120436087534951331, guid: 28759af6e1d2447a2a38898cb28c89a3,
        type: 3}
      propertyPath: m_LocalPosition.x
      value: -1.8
      objectReference: {fileID: 0}
    - target: {fileID: 4120436087534951331, guid: 28759af6e1d2447a2a38898cb28c89a3,
        type: 3}
      propertyPath: m_LocalPosition.y
      value: -5.1
      objectReference: {fileID: 0}
    - target: {fileID: 4120436087534951331, guid: 28759af6e1d2447a2a38898cb28c89a3,
        type: 3}
      propertyPath: m_LocalPosition.z
      value: 0
      objectReference: {fileID: 0}
    - target: {fileID: 4120436087534951331, guid: 28759af6e1d2447a2a38898cb28c89a3,
        type: 3}
      propertyPath: m_LocalRotation.x
      value: 0
      objectReference: {fileID: 0}
    - target: {fileID: 4120436087534951331, guid: 28759af6e1d2447a2a38898cb28c89a3,
        type: 3}
      propertyPath: m_LocalRotation.y
      value: 0
      objectReference: {fileID: 0}
    - target: {fileID: 4120436087534951331, guid: 28759af6e1d2447a2a38898cb28c89a3,
        type: 3}
      propertyPath: m_LocalRotation.z
      value: 0
      objectReference: {fileID: 0}
    - target: {fileID: 4120436087534951331, guid: 28759af6e1d2447a2a38898cb28c89a3,
        type: 3}
      propertyPath: m_LocalRotation.w
      value: 1
      objectReference: {fileID: 0}
    - target: {fileID: 4120436087534951331, guid: 28759af6e1d2447a2a38898cb28c89a3,
        type: 3}
      propertyPath: m_RootOrder
      value: 3
      objectReference: {fileID: 0}
    - target: {fileID: 4120436087534951331, guid: 28759af6e1d2447a2a38898cb28c89a3,
        type: 3}
      propertyPath: m_LocalEulerAnglesHint.x
      value: 0
      objectReference: {fileID: 0}
    - target: {fileID: 4120436087534951331, guid: 28759af6e1d2447a2a38898cb28c89a3,
        type: 3}
      propertyPath: m_LocalEulerAnglesHint.y
      value: 0
      objectReference: {fileID: 0}
    - target: {fileID: 4120436087534951331, guid: 28759af6e1d2447a2a38898cb28c89a3,
        type: 3}
      propertyPath: m_LocalEulerAnglesHint.z
      value: 0
      objectReference: {fileID: 0}
    - target: {fileID: 4120436087534951333, guid: 28759af6e1d2447a2a38898cb28c89a3,
        type: 3}
      propertyPath: side
      value: 0
      objectReference: {fileID: 0}
    - target: {fileID: 4120436087534951334, guid: 28759af6e1d2447a2a38898cb28c89a3,
        type: 3}
      propertyPath: MaskTex
      value: 
      objectReference: {fileID: 2800000, guid: dce1be57993304f5e985c8d888b79e8a, type: 3}
    - target: {fileID: 1852382502703103790, guid: 28759af6e1d2447a2a38898cb28c89a3,
        type: 3}
      propertyPath: m_Enabled
      value: 1
      objectReference: {fileID: 0}
    m_RemovedComponents: []
  m_SourcePrefab: {fileID: 100100000, guid: 28759af6e1d2447a2a38898cb28c89a3, type: 3}
--- !u!1001 &6102907006540312626
PrefabInstance:
  m_ObjectHideFlags: 0
  serializedVersion: 2
  m_Modification:
    m_TransformParent: {fileID: 0}
    m_Modifications:
    - target: {fileID: 6102907005911451300, guid: 88f4bf2c87dc2431dafcf7a5f0081bd0,
        type: 3}
      propertyPath: m_Name
      value: Spark
      objectReference: {fileID: 0}
    - target: {fileID: 6102907005911451311, guid: 88f4bf2c87dc2431dafcf7a5f0081bd0,
        type: 3}
      propertyPath: m_LocalPosition.x
      value: -20.752975
      objectReference: {fileID: 0}
    - target: {fileID: 6102907005911451311, guid: 88f4bf2c87dc2431dafcf7a5f0081bd0,
        type: 3}
      propertyPath: m_LocalPosition.y
      value: -1.349575
      objectReference: {fileID: 0}
    - target: {fileID: 6102907005911451311, guid: 88f4bf2c87dc2431dafcf7a5f0081bd0,
        type: 3}
      propertyPath: m_LocalPosition.z
      value: 0
      objectReference: {fileID: 0}
    - target: {fileID: 6102907005911451311, guid: 88f4bf2c87dc2431dafcf7a5f0081bd0,
        type: 3}
      propertyPath: m_LocalRotation.x
      value: 0
      objectReference: {fileID: 0}
    - target: {fileID: 6102907005911451311, guid: 88f4bf2c87dc2431dafcf7a5f0081bd0,
        type: 3}
      propertyPath: m_LocalRotation.y
      value: 0
      objectReference: {fileID: 0}
    - target: {fileID: 6102907005911451311, guid: 88f4bf2c87dc2431dafcf7a5f0081bd0,
        type: 3}
      propertyPath: m_LocalRotation.z
      value: 0
      objectReference: {fileID: 0}
    - target: {fileID: 6102907005911451311, guid: 88f4bf2c87dc2431dafcf7a5f0081bd0,
        type: 3}
      propertyPath: m_LocalRotation.w
      value: 1
      objectReference: {fileID: 0}
    - target: {fileID: 6102907005911451311, guid: 88f4bf2c87dc2431dafcf7a5f0081bd0,
        type: 3}
      propertyPath: m_RootOrder
      value: 8
      objectReference: {fileID: 0}
    - target: {fileID: 6102907005911451311, guid: 88f4bf2c87dc2431dafcf7a5f0081bd0,
        type: 3}
      propertyPath: m_LocalEulerAnglesHint.x
      value: 0
      objectReference: {fileID: 0}
    - target: {fileID: 6102907005911451311, guid: 88f4bf2c87dc2431dafcf7a5f0081bd0,
        type: 3}
      propertyPath: m_LocalEulerAnglesHint.y
      value: 0
      objectReference: {fileID: 0}
    - target: {fileID: 6102907005911451311, guid: 88f4bf2c87dc2431dafcf7a5f0081bd0,
        type: 3}
      propertyPath: m_LocalEulerAnglesHint.z
      value: 0
      objectReference: {fileID: 0}
    - target: {fileID: 6102907005911451305, guid: 88f4bf2c87dc2431dafcf7a5f0081bd0,
        type: 3}
      propertyPath: InitialModule.startSize.scalar
      value: 0.5
      objectReference: {fileID: 0}
    - target: {fileID: 6102907005911451305, guid: 88f4bf2c87dc2431dafcf7a5f0081bd0,
        type: 3}
      propertyPath: EmissionModule.rateOverTime.scalar
      value: 10
      objectReference: {fileID: 0}
    m_RemovedComponents: []
  m_SourcePrefab: {fileID: 100100000, guid: 88f4bf2c87dc2431dafcf7a5f0081bd0, type: 3}
