%YAML 1.1
%TAG !u! tag:unity3d.com,2011:
--- !u!1 &4787499493672874364
GameObject:
  m_ObjectHideFlags: 0
  m_CorrespondingSourceObject: {fileID: 0}
  m_PrefabInstance: {fileID: 0}
  m_PrefabAsset: {fileID: 0}
  serializedVersion: 6
  m_Component:
  - component: {fileID: 4787499493672874336}
  - component: {fileID: 4787499493672874337}
  - component: {fileID: 4787499493672874338}
  - component: {fileID: 4787499493672874339}
  - component: {fileID: 5523031393210424639}
  - component: {fileID: 697125655047109093}
  - component: {fileID: 1794908630421388334}
  - component: {fileID: 34358170945163489}
  m_Layer: 0
  m_Name: Boot
  m_TagString: Untagged
  m_Icon: {fileID: 0}
  m_NavMeshLayer: 0
  m_StaticEditorFlags: 0
  m_IsActive: 1
--- !u!4 &4787499493672874336
Transform:
  m_ObjectHideFlags: 0
  m_CorrespondingSourceObject: {fileID: 0}
  m_PrefabInstance: {fileID: 0}
  m_PrefabAsset: {fileID: 0}
  m_GameObject: {fileID: 4787499493672874364}
  m_LocalRotation: {x: -0, y: -0, z: -0, w: 1}
  m_LocalPosition: {x: 0, y: 0, z: 0}
  m_LocalScale: {x: 1, y: 1, z: 1}
  m_Children:
  - {fileID: 2681230005514354779}
  - {fileID: 2961258793746888936}
  m_Father: {fileID: 0}
  m_RootOrder: 0
  m_LocalEulerAnglesHint: {x: 0, y: 0, z: 0}
--- !u!212 &4787499493672874337
SpriteRenderer:
  m_ObjectHideFlags: 0
  m_CorrespondingSourceObject: {fileID: 0}
  m_PrefabInstance: {fileID: 0}
  m_PrefabAsset: {fileID: 0}
  m_GameObject: {fileID: 4787499493672874364}
  m_Enabled: 1
  m_CastShadows: 0
  m_ReceiveShadows: 0
  m_DynamicOccludee: 1
  m_MotionVectors: 1
  m_LightProbeUsage: 1
  m_ReflectionProbeUsage: 1
  m_RenderingLayerMask: 1
  m_RendererPriority: 0
  m_Materials:
  - {fileID: 2100000, guid: bc04e54d0a2944ab7b01cab82780cf3d, type: 2}
  m_StaticBatchInfo:
    firstSubMesh: 0
    subMeshCount: 0
  m_StaticBatchRoot: {fileID: 0}
  m_ProbeAnchor: {fileID: 0}
  m_LightProbeVolumeOverride: {fileID: 0}
  m_ScaleInLightmap: 1
  m_ReceiveGI: 1
  m_PreserveUVs: 0
  m_IgnoreNormalsForChartDetection: 0
  m_ImportantGI: 0
  m_StitchLightmapSeams: 1
  m_SelectedEditorRenderState: 0
  m_MinimumChartSize: 4
  m_AutoUVMaxDistance: 0.5
  m_AutoUVMaxAngle: 89
  m_LightmapParameters: {fileID: 0}
  m_SortingLayerID: 0
  m_SortingLayer: 0
  m_SortingOrder: 0
  m_Sprite: {fileID: 21300000, guid: 3554ea2e6f5c800418cb3b7988e95ef7, type: 3}
  m_Color: {r: 1, g: 1, b: 1, a: 1}
  m_FlipX: 0
  m_FlipY: 0
  m_DrawMode: 0
  m_Size: {x: 0.95, y: 0.26}
  m_AdaptiveModeThreshold: 0.5
  m_SpriteTileMode: 0
  m_WasSpriteAssigned: 1
  m_MaskInteraction: 0
  m_SpriteSortPoint: 0
--- !u!50 &4787499493672874338
Rigidbody2D:
  serializedVersion: 4
  m_ObjectHideFlags: 0
  m_CorrespondingSourceObject: {fileID: 0}
  m_PrefabInstance: {fileID: 0}
  m_PrefabAsset: {fileID: 0}
  m_GameObject: {fileID: 4787499493672874364}
  m_BodyType: 0
  m_Simulated: 1
  m_UseFullKinematicContacts: 0
  m_UseAutoMass: 0
  m_Mass: 1
  m_LinearDrag: 1
  m_AngularDrag: 1
  m_GravityScale: 1
  m_Material: {fileID: 0}
  m_Interpolate: 0
  m_SleepingMode: 1
  m_CollisionDetection: 0
  m_Constraints: 0
--- !u!233 &4787499493672874339
HingeJoint2D:
  m_ObjectHideFlags: 0
  m_CorrespondingSourceObject: {fileID: 0}
  m_PrefabInstance: {fileID: 0}
  m_PrefabAsset: {fileID: 0}
  m_GameObject: {fileID: 4787499493672874364}
  m_Enabled: 0
  serializedVersion: 4
  m_EnableCollision: 0
  m_ConnectedRigidBody: {fileID: 0}
  m_BreakForce: Infinity
  m_BreakTorque: Infinity
  m_AutoConfigureConnectedAnchor: 0
  m_Anchor: {x: -0.8808827, y: 0.8699441}
  m_ConnectedAnchor: {x: -0.8808827, y: 0.8699441}
  m_UseMotor: 0
  m_Motor:
    m_MotorSpeed: 0
    m_MaximumMotorForce: 10000
  m_UseLimits: 0
  m_AngleLimits:
    m_LowerAngle: 0
    m_UpperAngle: 359
--- !u!114 &5523031393210424639
MonoBehaviour:
  m_ObjectHideFlags: 0
  m_CorrespondingSourceObject: {fileID: 0}
  m_PrefabInstance: {fileID: 0}
  m_PrefabAsset: {fileID: 0}
  m_GameObject: {fileID: 4787499493672874364}
  m_Enabled: 1
  m_EditorHideFlags: 0
  m_Script: {fileID: 11500000, guid: ef3e6bd39ac54c998b8773e1f0bf9a82, type: 3}
  m_Name: 
  m_EditorClassIdentifier: 
  DamagePerHit: 4
  Type: 0
--- !u!114 &697125655047109093
MonoBehaviour:
  m_ObjectHideFlags: 0
  m_CorrespondingSourceObject: {fileID: 0}
  m_PrefabInstance: {fileID: 0}
  m_PrefabAsset: {fileID: 0}
  m_GameObject: {fileID: 4787499493672874364}
  m_Enabled: 1
  m_EditorHideFlags: 0
  m_Script: {fileID: 11500000, guid: 418e5501807094646adc70ae97526829, type: 3}
  m_Name: 
  m_EditorClassIdentifier: 
  Owner: {fileID: 0}
--- !u!114 &1794908630421388334
MonoBehaviour:
  m_ObjectHideFlags: 0
  m_CorrespondingSourceObject: {fileID: 0}
  m_PrefabInstance: {fileID: 0}
  m_PrefabAsset: {fileID: 0}
  m_GameObject: {fileID: 4787499493672874364}
  m_Enabled: 1
  m_EditorHideFlags: 0
  m_Script: {fileID: 11500000, guid: d49247f1eaf04921934e61642f21e188, type: 3}
  m_Name: 
  m_EditorClassIdentifier: 
  InitialHits: 100
  SpriteRenderer: {fileID: 0}
  Owner: {fileID: 0}
--- !u!60 &34358170945163489
PolygonCollider2D:
  m_ObjectHideFlags: 0
  m_CorrespondingSourceObject: {fileID: 0}
  m_PrefabInstance: {fileID: 0}
  m_PrefabAsset: {fileID: 0}
  m_GameObject: {fileID: 4787499493672874364}
  m_Enabled: 1
  m_Density: 1
  m_Material: {fileID: 0}
  m_IsTrigger: 0
  m_UsedByEffector: 0
  m_UsedByComposite: 0
  m_Offset: {x: 0, y: 0}
  m_SpriteTilingProperty:
    border: {x: 0, y: 0, z: 0, w: 0}
    pivot: {x: 0.5, y: 0.5}
    oldSize: {x: 3.32, y: 1.96}
    newSize: {x: 0.95, y: 0.26}
    adaptiveTilingThreshold: 0.5
    drawMode: 0
    adaptiveTiling: 0
  m_AutoTiling: 0
  m_Points:
    m_Paths:
    - - {x: 0.17999999, y: -0.96}
      - {x: 0.28, y: -0.97999996}
      - {x: 0.66999996, y: -0.97999996}
      - {x: 0.9, y: -0.91999996}
      - {x: 1.0699999, y: -0.84999996}
      - {x: 1.3399999, y: -0.53}
      - {x: 1.4599999, y: -0.35}
      - {x: 1.53, y: -0.24}
      - {x: 1.66, y: 0.08}
      - {x: 1.66, y: 0.14}
      - {x: 1.65, y: 0.16}
      - {x: 1.5799999, y: 0.22999999}
      - {x: 1.4, y: 0.39}
      - {x: 1.29, y: 0.44}
      - {x: 1.22, y: 0.45}
      - {x: 1.13, y: 0.45}
      - {x: 1.01, y: 0.35999998}
      - {x: 0.88, y: 0.24}
      - {x: 0.39, y: 0.26999998}
      - {x: 0.22999999, y: 0.26}
      - {x: 0.12, y: 0.29999998}
      - {x: -0.02, y: 0.53999996}
      - {x: -0.03, y: 0.90999997}
      - {x: -0.14999999, y: 0.97999996}
      - {x: -1.0699999, y: 0.97999996}
      - {x: -1.1999999, y: 0.96999997}
      - {x: -1.38, y: 0.95}
      - {x: -1.56, y: 0.90999997}
      - {x: -1.65, y: 0.82}
      - {x: -1.65, y: 0.55}
      - {x: -1.63, y: 0.29}
      - {x: -1.66, y: 0.24}
      - {x: -1.66, y: 0.049999997}
      - {x: -1.61, y: -0.17999999}
      - {x: -1.55, y: -0.39}
      - {x: -1.5699999, y: -0.5}
      - {x: -1.55, y: -0.65999997}
      - {x: -1.54, y: -0.7}
      - {x: -1.53, y: -0.76}
      - {x: -1.5, y: -0.88}
      - {x: -1.43, y: -0.97999996}
      - {x: -0.84, y: -0.97999996}
      - {x: -0.69, y: -0.96999997}
      - {x: -0.5, y: -0.96}
      - {x: -0.32999998, y: -0.89}
      - {x: -0.29, y: -0.81}
--- !u!1001 &783758843234891423
PrefabInstance:
  m_ObjectHideFlags: 0
  serializedVersion: 2
  m_Modification:
    m_TransformParent: {fileID: 4787499493672874336}
    m_Modifications:
    - target: {fileID: 3454769670184794968, guid: 536b4900f605979478e520dd89438d37,
        type: 3}
      propertyPath: m_Name
      value: Magnet
      objectReference: {fileID: 0}
    - target: {fileID: 3446904047655417540, guid: 536b4900f605979478e520dd89438d37,
        type: 3}
      propertyPath: m_LocalPosition.x
      value: -0.89
      objectReference: {fileID: 0}
    - target: {fileID: 3446904047655417540, guid: 536b4900f605979478e520dd89438d37,
        type: 3}
      propertyPath: m_LocalPosition.y
      value: 0.86
      objectReference: {fileID: 0}
    - target: {fileID: 3446904047655417540, guid: 536b4900f605979478e520dd89438d37,
        type: 3}
      propertyPath: m_LocalPosition.z
      value: 0
      objectReference: {fileID: 0}
    - target: {fileID: 3446904047655417540, guid: 536b4900f605979478e520dd89438d37,
        type: 3}
      propertyPath: m_LocalRotation.x
      value: 0
      objectReference: {fileID: 0}
    - target: {fileID: 3446904047655417540, guid: 536b4900f605979478e520dd89438d37,
        type: 3}
      propertyPath: m_LocalRotation.y
      value: 0
      objectReference: {fileID: 0}
    - target: {fileID: 3446904047655417540, guid: 536b4900f605979478e520dd89438d37,
        type: 3}
      propertyPath: m_LocalRotation.z
      value: 0
      objectReference: {fileID: 0}
    - target: {fileID: 3446904047655417540, guid: 536b4900f605979478e520dd89438d37,
        type: 3}
      propertyPath: m_LocalRotation.w
      value: 1
      objectReference: {fileID: 0}
    - target: {fileID: 3446904047655417540, guid: 536b4900f605979478e520dd89438d37,
        type: 3}
      propertyPath: m_RootOrder
      value: 0
      objectReference: {fileID: 0}
    - target: {fileID: 3446904047655417540, guid: 536b4900f605979478e520dd89438d37,
        type: 3}
      propertyPath: m_LocalEulerAnglesHint.x
      value: 0
      objectReference: {fileID: 0}
    - target: {fileID: 3446904047655417540, guid: 536b4900f605979478e520dd89438d37,
        type: 3}
      propertyPath: m_LocalEulerAnglesHint.y
      value: 0
      objectReference: {fileID: 0}
    - target: {fileID: 3446904047655417540, guid: 536b4900f605979478e520dd89438d37,
        type: 3}
      propertyPath: m_LocalEulerAnglesHint.z
      value: 0
      objectReference: {fileID: 0}
    m_RemovedComponents: []
  m_SourcePrefab: {fileID: 100100000, guid: 536b4900f605979478e520dd89438d37, type: 3}
--- !u!4 &2681230005514354779 stripped
Transform:
  m_CorrespondingSourceObject: {fileID: 3446904047655417540, guid: 536b4900f605979478e520dd89438d37,
    type: 3}
  m_PrefabInstance: {fileID: 783758843234891423}
  m_PrefabAsset: {fileID: 0}
--- !u!1001 &2948251051431366792
PrefabInstance:
  m_ObjectHideFlags: 0
  serializedVersion: 2
  m_Modification:
    m_TransformParent: {fileID: 4787499493672874336}
    m_Modifications:
    - target: {fileID: 140398405191329888, guid: 65dd2e2794fe64b4e8e0bb7389958afe,
        type: 3}
      propertyPath: m_LocalPosition.x
      value: 0
      objectReference: {fileID: 0}
    - target: {fileID: 140398405191329888, guid: 65dd2e2794fe64b4e8e0bb7389958afe,
        type: 3}
      propertyPath: m_LocalPosition.y
      value: 0
      objectReference: {fileID: 0}
    - target: {fileID: 140398405191329888, guid: 65dd2e2794fe64b4e8e0bb7389958afe,
        type: 3}
      propertyPath: m_LocalPosition.z
      value: 0
      objectReference: {fileID: 0}
    - target: {fileID: 140398405191329888, guid: 65dd2e2794fe64b4e8e0bb7389958afe,
        type: 3}
      propertyPath: m_LocalRotation.x
      value: 0
      objectReference: {fileID: 0}
    - target: {fileID: 140398405191329888, guid: 65dd2e2794fe64b4e8e0bb7389958afe,
        type: 3}
      propertyPath: m_LocalRotation.y
      value: 0
      objectReference: {fileID: 0}
    - target: {fileID: 140398405191329888, guid: 65dd2e2794fe64b4e8e0bb7389958afe,
        type: 3}
      propertyPath: m_LocalRotation.z
      value: 0
      objectReference: {fileID: 0}
    - target: {fileID: 140398405191329888, guid: 65dd2e2794fe64b4e8e0bb7389958afe,
        type: 3}
      propertyPath: m_LocalRotation.w
      value: 1
      objectReference: {fileID: 0}
    - target: {fileID: 140398405191329888, guid: 65dd2e2794fe64b4e8e0bb7389958afe,
        type: 3}
      propertyPath: m_RootOrder
      value: 1
      objectReference: {fileID: 0}
    - target: {fileID: 140398405191329888, guid: 65dd2e2794fe64b4e8e0bb7389958afe,
        type: 3}
      propertyPath: m_LocalEulerAnglesHint.x
      value: 0
      objectReference: {fileID: 0}
    - target: {fileID: 140398405191329888, guid: 65dd2e2794fe64b4e8e0bb7389958afe,
        type: 3}
      propertyPath: m_LocalEulerAnglesHint.y
      value: 0
      objectReference: {fileID: 0}
    - target: {fileID: 140398405191329888, guid: 65dd2e2794fe64b4e8e0bb7389958afe,
        type: 3}
      propertyPath: m_LocalEulerAnglesHint.z
      value: 0
      objectReference: {fileID: 0}
    - target: {fileID: 140398405191329919, guid: 65dd2e2794fe64b4e8e0bb7389958afe,
        type: 3}
      propertyPath: m_Name
      value: WeaponSounder
      objectReference: {fileID: 0}
    m_RemovedComponents: []
  m_SourcePrefab: {fileID: 100100000, guid: 65dd2e2794fe64b4e8e0bb7389958afe, type: 3}
--- !u!4 &2961258793746888936 stripped
Transform:
  m_CorrespondingSourceObject: {fileID: 140398405191329888, guid: 65dd2e2794fe64b4e8e0bb7389958afe,
    type: 3}
  m_PrefabInstance: {fileID: 2948251051431366792}
  m_PrefabAsset: {fileID: 0}
