%YAML 1.1
%TAG !u! tag:unity3d.com,2011:
--- !u!1 &4120436086298740556
GameObject:
  m_ObjectHideFlags: 0
  m_CorrespondingSourceObject: {fileID: 0}
  m_PrefabInstance: {fileID: 0}
  m_PrefabAsset: {fileID: 0}
  serializedVersion: 6
  m_Component:
  - component: {fileID: 4120436086298740559}
  - component: {fileID: 4120436086298740545}
  - component: {fileID: 3137234546660159684}
  m_Layer: 12
  m_Name: AppearArea
  m_TagString: Untagged
  m_Icon: {fileID: 0}
  m_NavMeshLayer: 0
  m_StaticEditorFlags: 0
  m_IsActive: 1
--- !u!4 &4120436086298740559
Transform:
  m_ObjectHideFlags: 0
  m_CorrespondingSourceObject: {fileID: 0}
  m_PrefabInstance: {fileID: 0}
  m_PrefabAsset: {fileID: 0}
  m_GameObject: {fileID: 4120436086298740556}
  m_LocalRotation: {x: 0, y: 0, z: 0, w: 1}
  m_LocalPosition: {x: 0, y: 0, z: 0}
  m_LocalScale: {x: 1, y: 1, z: 1}
  m_Children: []
  m_Father: {fileID: 4120436087534951331}
  m_RootOrder: 0
  m_LocalEulerAnglesHint: {x: 0, y: 0, z: 0}
--- !u!114 &4120436086298740545
MonoBehaviour:
  m_ObjectHideFlags: 0
  m_CorrespondingSourceObject: {fileID: 0}
  m_PrefabInstance: {fileID: 0}
  m_PrefabAsset: {fileID: 0}
  m_GameObject: {fileID: 4120436086298740556}
  m_Enabled: 1
  m_EditorHideFlags: 0
  m_Script: {fileID: 11500000, guid: 5f6f22c27ee3b4b01bda1b5859260351, type: 3}
  m_Name: 
  m_EditorClassIdentifier: 
--- !u!70 &3137234546660159684
CapsuleCollider2D:
  m_ObjectHideFlags: 0
  m_CorrespondingSourceObject: {fileID: 0}
  m_PrefabInstance: {fileID: 0}
  m_PrefabAsset: {fileID: 0}
  m_GameObject: {fileID: 4120436086298740556}
  m_Enabled: 1
  m_Density: 1
  m_Material: {fileID: 0}
  m_IsTrigger: 1
  m_UsedByEffector: 0
  m_UsedByComposite: 0
  m_Offset: {x: -0.7691976, y: -0.1979665}
  m_Size: {x: 46.7, y: 18.727228}
  m_Direction: 1
--- !u!1 &4120436086308759963
GameObject:
  m_ObjectHideFlags: 0
  m_CorrespondingSourceObject: {fileID: 0}
  m_PrefabInstance: {fileID: 0}
  m_PrefabAsset: {fileID: 0}
  serializedVersion: 6
  m_Component:
  - component: {fileID: 4120436086308759962}
  - component: {fileID: 4120436086308759964}
  - component: {fileID: 6101454243137773413}
  m_Layer: 12
  m_Name: AttackArea
  m_TagString: Untagged
  m_Icon: {fileID: 0}
  m_NavMeshLayer: 0
  m_StaticEditorFlags: 0
  m_IsActive: 1
--- !u!4 &4120436086308759962
Transform:
  m_ObjectHideFlags: 0
  m_CorrespondingSourceObject: {fileID: 0}
  m_PrefabInstance: {fileID: 0}
  m_PrefabAsset: {fileID: 0}
  m_GameObject: {fileID: 4120436086308759963}
  m_LocalRotation: {x: 0, y: 0, z: 0, w: 1}
  m_LocalPosition: {x: 0, y: 0, z: 0}
  m_LocalScale: {x: 1, y: 1, z: 1}
  m_Children: []
  m_Father: {fileID: 4120436087534951331}
  m_RootOrder: 1
  m_LocalEulerAnglesHint: {x: 0, y: 0, z: 0}
--- !u!114 &4120436086308759964
MonoBehaviour:
  m_ObjectHideFlags: 0
  m_CorrespondingSourceObject: {fileID: 0}
  m_PrefabInstance: {fileID: 0}
  m_PrefabAsset: {fileID: 0}
  m_GameObject: {fileID: 4120436086308759963}
  m_Enabled: 1
  m_EditorHideFlags: 0
  m_Script: {fileID: 11500000, guid: 2430b7bd282f046d2aece4b25924fd01, type: 3}
  m_Name: 
  m_EditorClassIdentifier: 
--- !u!58 &6101454243137773413
CircleCollider2D:
  m_ObjectHideFlags: 0
  m_CorrespondingSourceObject: {fileID: 0}
  m_PrefabInstance: {fileID: 0}
  m_PrefabAsset: {fileID: 0}
  m_GameObject: {fileID: 4120436086308759963}
  m_Enabled: 1
  m_Density: 1
  m_Material: {fileID: 0}
  m_IsTrigger: 1
  m_UsedByEffector: 0
  m_UsedByComposite: 0
  m_Offset: {x: -0.41752243, y: -0.124051094}
  serializedVersion: 2
  m_Radius: 9.2
--- !u!1 &4120436087534951328
GameObject:
  m_ObjectHideFlags: 0
  m_CorrespondingSourceObject: {fileID: 0}
  m_PrefabInstance: {fileID: 0}
  m_PrefabAsset: {fileID: 0}
  serializedVersion: 6
  m_Component:
  - component: {fileID: 4120436087534951331}
  - component: {fileID: 4120436087534951330}
  - component: {fileID: 4120436087534951333}
  - component: {fileID: 4120436087534951332}
  - component: {fileID: 4120436087534951335}
  - component: {fileID: 4120436087534951353}
  - component: {fileID: 4120436087534951334}
  - component: {fileID: 980691279089970171}
  - component: {fileID: 5110650548120323598}
  - component: {fileID: 1832867540114317971}
  - component: {fileID: 1852382502703103790}
  - component: {fileID: 6438550988348607589}
  - component: {fileID: 1372911322487341077}
  m_Layer: 0
  m_Name: EnemyRotator
  m_TagString: Enemy
  m_Icon: {fileID: 0}
  m_NavMeshLayer: 0
  m_StaticEditorFlags: 0
  m_IsActive: 1
--- !u!4 &4120436087534951331
Transform:
  m_ObjectHideFlags: 0
  m_CorrespondingSourceObject: {fileID: 0}
  m_PrefabInstance: {fileID: 0}
  m_PrefabAsset: {fileID: 0}
  m_GameObject: {fileID: 4120436087534951328}
  m_LocalRotation: {x: 0, y: 0, z: 0, w: 1}
  m_LocalPosition: {x: 0, y: 0, z: 0}
  m_LocalScale: {x: 1, y: 1, z: 1}
  m_Children:
  - {fileID: 4120436086298740559}
  - {fileID: 4120436086308759962}
  - {fileID: 2369060356331317858}
  - {fileID: 6839828270396436970}
  - {fileID: 8081171892612983668}
  m_Father: {fileID: 0}
  m_RootOrder: 0
  m_LocalEulerAnglesHint: {x: 0, y: 0, z: 0}
--- !u!212 &4120436087534951330
SpriteRenderer:
  m_ObjectHideFlags: 0
  m_CorrespondingSourceObject: {fileID: 0}
  m_PrefabInstance: {fileID: 0}
  m_PrefabAsset: {fileID: 0}
  m_GameObject: {fileID: 4120436087534951328}
  m_Enabled: 1
  m_CastShadows: 0
  m_ReceiveShadows: 0
  m_DynamicOccludee: 1
  m_MotionVectors: 1
  m_LightProbeUsage: 1
  m_ReflectionProbeUsage: 1
  m_RenderingLayerMask: 1
  m_RendererPriority: 0
  m_Materials:
  - {fileID: 2100000, guid: bc04e54d0a2944ab7b01cab82780cf3d, type: 2}
  m_StaticBatchInfo:
    firstSubMesh: 0
    subMeshCount: 0
  m_StaticBatchRoot: {fileID: 0}
  m_ProbeAnchor: {fileID: 0}
  m_LightProbeVolumeOverride: {fileID: 0}
  m_ScaleInLightmap: 1
  m_ReceiveGI: 1
  m_PreserveUVs: 0
  m_IgnoreNormalsForChartDetection: 0
  m_ImportantGI: 0
  m_StitchLightmapSeams: 1
  m_SelectedEditorRenderState: 0
  m_MinimumChartSize: 4
  m_AutoUVMaxDistance: 0.5
  m_AutoUVMaxAngle: 89
  m_LightmapParameters: {fileID: 0}
  m_SortingLayerID: 0
  m_SortingLayer: 0
  m_SortingOrder: 0
  m_Sprite: {fileID: 21300000, guid: 5068b756dd39e5a409e6b11db71d3afc, type: 3}
  m_Color: {r: 1, g: 1, b: 1, a: 1}
  m_FlipX: 0
  m_FlipY: 0
  m_DrawMode: 0
  m_Size: {x: 1.29, y: 1.89}
  m_AdaptiveModeThreshold: 0.5
  m_SpriteTileMode: 0
  m_WasSpriteAssigned: 1
  m_MaskInteraction: 0
  m_SpriteSortPoint: 0
--- !u!114 &4120436087534951333
MonoBehaviour:
  m_ObjectHideFlags: 0
  m_CorrespondingSourceObject: {fileID: 0}
  m_PrefabInstance: {fileID: 0}
  m_PrefabAsset: {fileID: 0}
  m_GameObject: {fileID: 4120436087534951328}
  m_Enabled: 1
  m_EditorHideFlags: 0
  m_Script: {fileID: 11500000, guid: ccf6c7ec48234e80b5f1e5ded0b032bc, type: 3}
  m_Name: 
  m_EditorClassIdentifier: 
  _side: 2
--- !u!50 &4120436087534951332
Rigidbody2D:
  serializedVersion: 4
  m_ObjectHideFlags: 0
  m_CorrespondingSourceObject: {fileID: 0}
  m_PrefabInstance: {fileID: 0}
  m_PrefabAsset: {fileID: 0}
  m_GameObject: {fileID: 4120436087534951328}
  m_BodyType: 0
  m_Simulated: 1
  m_UseFullKinematicContacts: 0
  m_UseAutoMass: 0
  m_Mass: 100
  m_LinearDrag: 2
  m_AngularDrag: 0.05
  m_GravityScale: 1
  m_Material: {fileID: 0}
  m_Interpolate: 0
  m_SleepingMode: 1
  m_CollisionDetection: 0
  m_Constraints: 0
--- !u!61 &4120436087534951335
BoxCollider2D:
  m_ObjectHideFlags: 0
  m_CorrespondingSourceObject: {fileID: 0}
  m_PrefabInstance: {fileID: 0}
  m_PrefabAsset: {fileID: 0}
  m_GameObject: {fileID: 4120436087534951328}
  m_Enabled: 1
  m_Density: 1
  m_Material: {fileID: 0}
  m_IsTrigger: 0
  m_UsedByEffector: 0
  m_UsedByComposite: 0
  m_Offset: {x: 0, y: 0.06}
  m_SpriteTilingProperty:
    border: {x: 0, y: 0, z: 0, w: 0}
    pivot: {x: 0.5, y: 0.5}
    oldSize: {x: 2.18, y: 2.56}
    newSize: {x: 1.29, y: 1.89}
    adaptiveTilingThreshold: 0.5
    drawMode: 0
    adaptiveTiling: 0
  m_AutoTiling: 0
  serializedVersion: 2
  m_Size: {x: 1.39, y: 2.38}
  m_EdgeRadius: 0
--- !u!95 &4120436087534951353
Animator:
  serializedVersion: 3
  m_ObjectHideFlags: 0
  m_CorrespondingSourceObject: {fileID: 0}
  m_PrefabInstance: {fileID: 0}
  m_PrefabAsset: {fileID: 0}
  m_GameObject: {fileID: 4120436087534951328}
  m_Enabled: 1
  m_Avatar: {fileID: 0}
  m_Controller: {fileID: 9100000, guid: 68836f6ed25421b42b98b9dea961961a, type: 2}
  m_CullingMode: 0
  m_UpdateMode: 0
  m_ApplyRootMotion: 0
  m_LinearVelocityBlending: 0
  m_WarningMessage: 
  m_HasTransformHierarchy: 1
  m_AllowConstantClipSamplingOptimization: 1
  m_KeepAnimatorControllerStateOnDisable: 0
--- !u!114 &4120436087534951334
MonoBehaviour:
  m_ObjectHideFlags: 0
  m_CorrespondingSourceObject: {fileID: 0}
  m_PrefabInstance: {fileID: 0}
  m_PrefabAsset: {fileID: 0}
  m_GameObject: {fileID: 4120436087534951328}
  m_Enabled: 1
  m_EditorHideFlags: 0
  m_Script: {fileID: 11500000, guid: 8266d83c7ca3c454eb35f84d8e2e5212, type: 3}
  m_Name: 
  m_EditorClassIdentifier: 
  ComeSpeed: 20
  RetreatSpeed: 50
--- !u!114 &980691279089970171
MonoBehaviour:
  m_ObjectHideFlags: 0
  m_CorrespondingSourceObject: {fileID: 0}
  m_PrefabInstance: {fileID: 0}
  m_PrefabAsset: {fileID: 0}
  m_GameObject: {fileID: 4120436087534951328}
  m_Enabled: 0
  m_EditorHideFlags: 0
  m_Script: {fileID: 11500000, guid: 66d8e77a2b884d6eb5bab5eb288f0cf1, type: 3}
  m_Name: 
  m_EditorClassIdentifier: 
  FloorDistance: 8
  GravityScale: 2
  PrintDebug: 0
--- !u!114 &5110650548120323598
MonoBehaviour:
  m_ObjectHideFlags: 0
  m_CorrespondingSourceObject: {fileID: 0}
  m_PrefabInstance: {fileID: 0}
  m_PrefabAsset: {fileID: 0}
  m_GameObject: {fileID: 4120436087534951328}
  m_Enabled: 1
  m_EditorHideFlags: 0
  m_Script: {fileID: 11500000, guid: 79eb9640678347f2b2335770f7478c6b, type: 3}
  m_Name: 
  m_EditorClassIdentifier: 
  PhRotation: 0
  soundWhip:
  - {fileID: 8300000, guid: 58cef4bf108d11e4caf4c48edeb7e288, type: 3}
  - {fileID: 8300000, guid: 7270723d4f5bb674b86cbc1473efa08e, type: 3}
  - {fileID: 8300000, guid: 0eafeb1084fef92438a8684bfa40cc13, type: 3}
  - {fileID: 8300000, guid: a170452325f3d2740bf38a80c2c9810f, type: 3}
--- !u!114 &1832867540114317971
MonoBehaviour:
  m_ObjectHideFlags: 0
  m_CorrespondingSourceObject: {fileID: 0}
  m_PrefabInstance: {fileID: 0}
  m_PrefabAsset: {fileID: 0}
  m_GameObject: {fileID: 4120436087534951328}
  m_Enabled: 1
  m_EditorHideFlags: 0
  m_Script: {fileID: 11500000, guid: d49247f1eaf04921934e61642f21e188, type: 3}
  m_Name: 
  m_EditorClassIdentifier: 
  InitialHits: 40
  Owner: {fileID: 4120436087534951333}
--- !u!114 &1852382502703103790
MonoBehaviour:
  m_ObjectHideFlags: 0
  m_CorrespondingSourceObject: {fileID: 0}
  m_PrefabInstance: {fileID: 0}
  m_PrefabAsset: {fileID: 0}
  m_GameObject: {fileID: 4120436087534951328}
  m_Enabled: 1
  m_EditorHideFlags: 0
  m_Script: {fileID: 11500000, guid: ef3e6bd39ac54c998b8773e1f0bf9a82, type: 3}
  m_Name: 
  m_EditorClassIdentifier: 
  DamagePerHit: 5
  Type: 1
--- !u!82 &6438550988348607589
AudioSource:
  m_ObjectHideFlags: 0
  m_CorrespondingSourceObject: {fileID: 0}
  m_PrefabInstance: {fileID: 0}
  m_PrefabAsset: {fileID: 0}
  m_GameObject: {fileID: 4120436087534951328}
  m_Enabled: 1
  serializedVersion: 4
  OutputAudioMixerGroup: {fileID: 0}
  m_audioClip: {fileID: 0}
  m_PlayOnAwake: 0
  m_Volume: 1
  m_Pitch: 1
  Loop: 0
  Mute: 0
  Spatialize: 0
  SpatializePostEffects: 0
  Priority: 128
  DopplerLevel: 1
  MinDistance: 1
  MaxDistance: 500
  Pan2D: 0
  rolloffMode: 0
  BypassEffects: 0
  BypassListenerEffects: 0
  BypassReverbZones: 0
  rolloffCustomCurve:
    serializedVersion: 2
    m_Curve:
    - serializedVersion: 3
      time: 0
      value: 1
      inSlope: 0
      outSlope: 0
      tangentMode: 0
      weightedMode: 0
      inWeight: 0.33333334
      outWeight: 0.33333334
    - serializedVersion: 3
      time: 1
      value: 0
      inSlope: 0
      outSlope: 0
      tangentMode: 0
      weightedMode: 0
      inWeight: 0.33333334
      outWeight: 0.33333334
    m_PreInfinity: 2
    m_PostInfinity: 2
    m_RotationOrder: 4
  panLevelCustomCurve:
    serializedVersion: 2
    m_Curve:
    - serializedVersion: 3
      time: 0
      value: 0
      inSlope: 0
      outSlope: 0
      tangentMode: 0
      weightedMode: 0
      inWeight: 0.33333334
      outWeight: 0.33333334
    m_PreInfinity: 2
    m_PostInfinity: 2
    m_RotationOrder: 4
  spreadCustomCurve:
    serializedVersion: 2
    m_Curve:
    - serializedVersion: 3
      time: 0
      value: 0
      inSlope: 0
      outSlope: 0
      tangentMode: 0
      weightedMode: 0
      inWeight: 0.33333334
      outWeight: 0.33333334
    m_PreInfinity: 2
    m_PostInfinity: 2
    m_RotationOrder: 4
  reverbZoneMixCustomCurve:
    serializedVersion: 2
    m_Curve:
    - serializedVersion: 3
      time: 0
      value: 1
      inSlope: 0
      outSlope: 0
      tangentMode: 0
      weightedMode: 0
      inWeight: 0.33333334
      outWeight: 0.33333334
    m_PreInfinity: 2
    m_PostInfinity: 2
    m_RotationOrder: 4
--- !u!114 &1372911322487341077
MonoBehaviour:
  m_ObjectHideFlags: 0
  m_CorrespondingSourceObject: {fileID: 0}
  m_PrefabInstance: {fileID: 0}
  m_PrefabAsset: {fileID: 0}
  m_GameObject: {fileID: 4120436087534951328}
  m_Enabled: 1
  m_EditorHideFlags: 0
  m_Script: {fileID: 11500000, guid: e3e053e74cd14ff46b1a364d73b9a455, type: 3}
  m_Name: 
  m_EditorClassIdentifier: 
  LowDistance: 5
  HighDistance: 8
  FloatForce: 0.6
  GravDampenScale: 10
  GravDampenMax: 40
--- !u!1001 &4420574410281752291
PrefabInstance:
  m_ObjectHideFlags: 0
  serializedVersion: 2
  m_Modification:
    m_TransformParent: {fileID: 4120436087534951331}
    m_Modifications:
    - target: {fileID: 3679196773928532525, guid: 6f0dced475aab164baaa6a9eb124e911,
        type: 3}
      propertyPath: m_Name
      value: LegSocket
      objectReference: {fileID: 0}
    - target: {fileID: 2141917743418457217, guid: 6f0dced475aab164baaa6a9eb124e911,
        type: 3}
      propertyPath: m_LocalPosition.x
      value: -0.03
      objectReference: {fileID: 0}
    - target: {fileID: 2141917743418457217, guid: 6f0dced475aab164baaa6a9eb124e911,
        type: 3}
      propertyPath: m_LocalPosition.y
      value: -1.15
      objectReference: {fileID: 0}
    - target: {fileID: 2141917743418457217, guid: 6f0dced475aab164baaa6a9eb124e911,
        type: 3}
      propertyPath: m_LocalPosition.z
      value: 0
      objectReference: {fileID: 0}
    - target: {fileID: 2141917743418457217, guid: 6f0dced475aab164baaa6a9eb124e911,
        type: 3}
      propertyPath: m_LocalRotation.x
      value: -0
      objectReference: {fileID: 0}
    - target: {fileID: 2141917743418457217, guid: 6f0dced475aab164baaa6a9eb124e911,
        type: 3}
      propertyPath: m_LocalRotation.y
      value: -0
      objectReference: {fileID: 0}
    - target: {fileID: 2141917743418457217, guid: 6f0dced475aab164baaa6a9eb124e911,
        type: 3}
      propertyPath: m_LocalRotation.z
      value: -0
      objectReference: {fileID: 0}
    - target: {fileID: 2141917743418457217, guid: 6f0dced475aab164baaa6a9eb124e911,
        type: 3}
      propertyPath: m_LocalRotation.w
      value: 1
      objectReference: {fileID: 0}
    - target: {fileID: 2141917743418457217, guid: 6f0dced475aab164baaa6a9eb124e911,
        type: 3}
      propertyPath: m_RootOrder
      value: 2
      objectReference: {fileID: 0}
    - target: {fileID: 2141917743418457217, guid: 6f0dced475aab164baaa6a9eb124e911,
        type: 3}
      propertyPath: m_LocalEulerAnglesHint.x
      value: 0
      objectReference: {fileID: 0}
    - target: {fileID: 2141917743418457217, guid: 6f0dced475aab164baaa6a9eb124e911,
        type: 3}
      propertyPath: m_LocalEulerAnglesHint.y
      value: 0
      objectReference: {fileID: 0}
    - target: {fileID: 2141917743418457217, guid: 6f0dced475aab164baaa6a9eb124e911,
        type: 3}
      propertyPath: m_LocalEulerAnglesHint.z
      value: 0
      objectReference: {fileID: 0}
    m_RemovedComponents: []
  m_SourcePrefab: {fileID: 100100000, guid: 6f0dced475aab164baaa6a9eb124e911, type: 3}
--- !u!4 &2369060356331317858 stripped
Transform:
  m_CorrespondingSourceObject: {fileID: 2141917743418457217, guid: 6f0dced475aab164baaa6a9eb124e911,
    type: 3}
  m_PrefabInstance: {fileID: 4420574410281752291}
  m_PrefabAsset: {fileID: 0}
--- !u!1001 &4851059889456762219
PrefabInstance:
  m_ObjectHideFlags: 0
  serializedVersion: 2
  m_Modification:
    m_TransformParent: {fileID: 4120436087534951331}
    m_Modifications:
    - target: {fileID: 3679196773928532525, guid: 6f0dced475aab164baaa6a9eb124e911,
        type: 3}
      propertyPath: m_Name
      value: LegSocket (2)
      objectReference: {fileID: 0}
    - target: {fileID: 2141917743418457217, guid: 6f0dced475aab164baaa6a9eb124e911,
        type: 3}
      propertyPath: m_LocalPosition.x
      value: -0.05
      objectReference: {fileID: 0}
    - target: {fileID: 2141917743418457217, guid: 6f0dced475aab164baaa6a9eb124e911,
        type: 3}
      propertyPath: m_LocalPosition.y
      value: 1.27
      objectReference: {fileID: 0}
    - target: {fileID: 2141917743418457217, guid: 6f0dced475aab164baaa6a9eb124e911,
        type: 3}
      propertyPath: m_LocalPosition.z
      value: 0
      objectReference: {fileID: 0}
    - target: {fileID: 2141917743418457217, guid: 6f0dced475aab164baaa6a9eb124e911,
        type: 3}
      propertyPath: m_LocalRotation.x
      value: -0
      objectReference: {fileID: 0}
    - target: {fileID: 2141917743418457217, guid: 6f0dced475aab164baaa6a9eb124e911,
        type: 3}
      propertyPath: m_LocalRotation.y
      value: -0
      objectReference: {fileID: 0}
    - target: {fileID: 2141917743418457217, guid: 6f0dced475aab164baaa6a9eb124e911,
        type: 3}
      propertyPath: m_LocalRotation.z
      value: -0
      objectReference: {fileID: 0}
    - target: {fileID: 2141917743418457217, guid: 6f0dced475aab164baaa6a9eb124e911,
        type: 3}
      propertyPath: m_LocalRotation.w
      value: 1
      objectReference: {fileID: 0}
    - target: {fileID: 2141917743418457217, guid: 6f0dced475aab164baaa6a9eb124e911,
        type: 3}
      propertyPath: m_RootOrder
      value: 3
      objectReference: {fileID: 0}
    - target: {fileID: 2141917743418457217, guid: 6f0dced475aab164baaa6a9eb124e911,
        type: 3}
      propertyPath: m_LocalEulerAnglesHint.x
      value: 0
      objectReference: {fileID: 0}
    - target: {fileID: 2141917743418457217, guid: 6f0dced475aab164baaa6a9eb124e911,
        type: 3}
      propertyPath: m_LocalEulerAnglesHint.y
      value: 0
      objectReference: {fileID: 0}
    - target: {fileID: 2141917743418457217, guid: 6f0dced475aab164baaa6a9eb124e911,
        type: 3}
      propertyPath: m_LocalEulerAnglesHint.z
      value: 0
      objectReference: {fileID: 0}
    m_RemovedComponents: []
  m_SourcePrefab: {fileID: 100100000, guid: 6f0dced475aab164baaa6a9eb124e911, type: 3}
--- !u!4 &6839828270396436970 stripped
Transform:
  m_CorrespondingSourceObject: {fileID: 2141917743418457217, guid: 6f0dced475aab164baaa6a9eb124e911,
    type: 3}
  m_PrefabInstance: {fileID: 4851059889456762219}
  m_PrefabAsset: {fileID: 0}
--- !u!1001 &8202423393323352852
PrefabInstance:
  m_ObjectHideFlags: 0
  serializedVersion: 2
  m_Modification:
    m_TransformParent: {fileID: 4120436087534951331}
    m_Modifications:
    - target: {fileID: 140398405191329919, guid: 65dd2e2794fe64b4e8e0bb7389958afe,
        type: 3}
      propertyPath: m_Name
      value: WeaponSounder
      objectReference: {fileID: 0}
    - target: {fileID: 140398405191329888, guid: 65dd2e2794fe64b4e8e0bb7389958afe,
        type: 3}
      propertyPath: m_LocalPosition.x
      value: 0
      objectReference: {fileID: 0}
    - target: {fileID: 140398405191329888, guid: 65dd2e2794fe64b4e8e0bb7389958afe,
        type: 3}
      propertyPath: m_LocalPosition.y
      value: 0
      objectReference: {fileID: 0}
    - target: {fileID: 140398405191329888, guid: 65dd2e2794fe64b4e8e0bb7389958afe,
        type: 3}
      propertyPath: m_LocalPosition.z
      value: 0
      objectReference: {fileID: 0}
    - target: {fileID: 140398405191329888, guid: 65dd2e2794fe64b4e8e0bb7389958afe,
        type: 3}
      propertyPath: m_LocalRotation.x
      value: 0
      objectReference: {fileID: 0}
    - target: {fileID: 140398405191329888, guid: 65dd2e2794fe64b4e8e0bb7389958afe,
        type: 3}
      propertyPath: m_LocalRotation.y
      value: 0
      objectReference: {fileID: 0}
    - target: {fileID: 140398405191329888, guid: 65dd2e2794fe64b4e8e0bb7389958afe,
        type: 3}
      propertyPath: m_LocalRotation.z
      value: 0
      objectReference: {fileID: 0}
    - target: {fileID: 140398405191329888, guid: 65dd2e2794fe64b4e8e0bb7389958afe,
        type: 3}
      propertyPath: m_LocalRotation.w
      value: 1
      objectReference: {fileID: 0}
    - target: {fileID: 140398405191329888, guid: 65dd2e2794fe64b4e8e0bb7389958afe,
        type: 3}
      propertyPath: m_RootOrder
      value: 4
      objectReference: {fileID: 0}
    - target: {fileID: 140398405191329888, guid: 65dd2e2794fe64b4e8e0bb7389958afe,
        type: 3}
      propertyPath: m_LocalEulerAnglesHint.x
      value: 0
      objectReference: {fileID: 0}
    - target: {fileID: 140398405191329888, guid: 65dd2e2794fe64b4e8e0bb7389958afe,
        type: 3}
      propertyPath: m_LocalEulerAnglesHint.y
      value: 0
      objectReference: {fileID: 0}
    - target: {fileID: 140398405191329888, guid: 65dd2e2794fe64b4e8e0bb7389958afe,
        type: 3}
      propertyPath: m_LocalEulerAnglesHint.z
      value: 0
      objectReference: {fileID: 0}
    m_RemovedComponents: []
  m_SourcePrefab: {fileID: 100100000, guid: 65dd2e2794fe64b4e8e0bb7389958afe, type: 3}
--- !u!4 &8081171892612983668 stripped
Transform:
  m_CorrespondingSourceObject: {fileID: 140398405191329888, guid: 65dd2e2794fe64b4e8e0bb7389958afe,
    type: 3}
  m_PrefabInstance: {fileID: 8202423393323352852}
  m_PrefabAsset: {fileID: 0}
