%YAML 1.1
%TAG !u! tag:unity3d.com,2011:
--- !u!1 &4492100303306604030
GameObject:
  m_ObjectHideFlags: 0
  m_CorrespondingSourceObject: {fileID: 0}
  m_PrefabInstance: {fileID: 0}
  m_PrefabAsset: {fileID: 0}
  serializedVersion: 6
  m_Component:
  - component: {fileID: 493448358124910212}
  m_Layer: 0
  m_Name: Enemy_Packed_1
  m_TagString: Untagged
  m_Icon: {fileID: 0}
  m_NavMeshLayer: 0
  m_StaticEditorFlags: 0
  m_IsActive: 1
--- !u!4 &493448358124910212
Transform:
  m_ObjectHideFlags: 0
  m_CorrespondingSourceObject: {fileID: 0}
  m_PrefabInstance: {fileID: 0}
  m_PrefabAsset: {fileID: 0}
  m_GameObject: {fileID: 4492100303306604030}
  m_LocalRotation: {x: 0, y: 0, z: 0, w: 1}
  m_LocalPosition: {x: 0, y: 0, z: 0}
  m_LocalScale: {x: 1, y: 1, z: 1}
  m_Children:
  - {fileID: 7935432615208099372}
  - {fileID: 7627927623657854914}
  - {fileID: 3845513069659784742}
  m_Father: {fileID: 0}
  m_RootOrder: 0
  m_LocalEulerAnglesHint: {x: 0, y: 0, z: 0}
--- !u!1001 &3146690879159264930
PrefabInstance:
  m_ObjectHideFlags: 0
  serializedVersion: 2
  m_Modification:
    m_TransformParent: {fileID: 493448358124910212}
    m_Modifications:
    - target: {fileID: 4787499493672874364, guid: f8cbe4e84bc414ad188f15fce2f7eefc,
        type: 3}
      propertyPath: m_Name
      value: Connector1
      objectReference: {fileID: 0}
    - target: {fileID: 4787499493672874336, guid: f8cbe4e84bc414ad188f15fce2f7eefc,
        type: 3}
      propertyPath: m_LocalPosition.x
      value: 1.96
      objectReference: {fileID: 0}
    - target: {fileID: 4787499493672874336, guid: f8cbe4e84bc414ad188f15fce2f7eefc,
        type: 3}
      propertyPath: m_LocalPosition.y
      value: -0.7
      objectReference: {fileID: 0}
    - target: {fileID: 4787499493672874336, guid: f8cbe4e84bc414ad188f15fce2f7eefc,
        type: 3}
      propertyPath: m_LocalPosition.z
      value: 0
      objectReference: {fileID: 0}
    - target: {fileID: 4787499493672874336, guid: f8cbe4e84bc414ad188f15fce2f7eefc,
        type: 3}
      propertyPath: m_LocalRotation.x
      value: -0
      objectReference: {fileID: 0}
    - target: {fileID: 4787499493672874336, guid: f8cbe4e84bc414ad188f15fce2f7eefc,
        type: 3}
      propertyPath: m_LocalRotation.y
      value: -0
      objectReference: {fileID: 0}
    - target: {fileID: 4787499493672874336, guid: f8cbe4e84bc414ad188f15fce2f7eefc,
        type: 3}
      propertyPath: m_LocalRotation.z
      value: -0
      objectReference: {fileID: 0}
    - target: {fileID: 4787499493672874336, guid: f8cbe4e84bc414ad188f15fce2f7eefc,
        type: 3}
      propertyPath: m_LocalRotation.w
      value: 1
      objectReference: {fileID: 0}
    - target: {fileID: 4787499493672874336, guid: f8cbe4e84bc414ad188f15fce2f7eefc,
        type: 3}
      propertyPath: m_RootOrder
      value: 1
      objectReference: {fileID: 0}
    - target: {fileID: 4787499493672874336, guid: f8cbe4e84bc414ad188f15fce2f7eefc,
        type: 3}
      propertyPath: m_LocalEulerAnglesHint.x
      value: 0
      objectReference: {fileID: 0}
    - target: {fileID: 4787499493672874336, guid: f8cbe4e84bc414ad188f15fce2f7eefc,
        type: 3}
      propertyPath: m_LocalEulerAnglesHint.y
      value: 0
      objectReference: {fileID: 0}
    - target: {fileID: 4787499493672874336, guid: f8cbe4e84bc414ad188f15fce2f7eefc,
        type: 3}
      propertyPath: m_LocalEulerAnglesHint.z
      value: 0
      objectReference: {fileID: 0}
    m_RemovedComponents: []
  m_SourcePrefab: {fileID: 100100000, guid: f8cbe4e84bc414ad188f15fce2f7eefc, type: 3}
--- !u!4 &7627927623657854914 stripped
Transform:
  m_CorrespondingSourceObject: {fileID: 4787499493672874336, guid: f8cbe4e84bc414ad188f15fce2f7eefc,
    type: 3}
  m_PrefabInstance: {fileID: 3146690879159264930}
  m_PrefabAsset: {fileID: 0}
--- !u!1001 &6273209858439218575
PrefabInstance:
  m_ObjectHideFlags: 0
  serializedVersion: 2
  m_Modification:
    m_TransformParent: {fileID: 493448358124910212}
    m_Modifications:
    - target: {fileID: 4120436087534951328, guid: 28759af6e1d2447a2a38898cb28c89a3,
        type: 3}
      propertyPath: m_Name
      value: Enemy1
      objectReference: {fileID: 0}
    - target: {fileID: 4120436087534951331, guid: 28759af6e1d2447a2a38898cb28c89a3,
        type: 3}
      propertyPath: m_LocalPosition.x
      value: 0
      objectReference: {fileID: 0}
    - target: {fileID: 4120436087534951331, guid: 28759af6e1d2447a2a38898cb28c89a3,
        type: 3}
      propertyPath: m_LocalPosition.y
      value: 0
      objectReference: {fileID: 0}
    - target: {fileID: 4120436087534951331, guid: 28759af6e1d2447a2a38898cb28c89a3,
        type: 3}
      propertyPath: m_LocalPosition.z
      value: 0
      objectReference: {fileID: 0}
    - target: {fileID: 4120436087534951331, guid: 28759af6e1d2447a2a38898cb28c89a3,
        type: 3}
      propertyPath: m_LocalRotation.x
      value: 0
      objectReference: {fileID: 0}
    - target: {fileID: 4120436087534951331, guid: 28759af6e1d2447a2a38898cb28c89a3,
        type: 3}
      propertyPath: m_LocalRotation.y
      value: 0
      objectReference: {fileID: 0}
    - target: {fileID: 4120436087534951331, guid: 28759af6e1d2447a2a38898cb28c89a3,
        type: 3}
      propertyPath: m_LocalRotation.z
      value: 0
      objectReference: {fileID: 0}
    - target: {fileID: 4120436087534951331, guid: 28759af6e1d2447a2a38898cb28c89a3,
        type: 3}
      propertyPath: m_LocalRotation.w
      value: 1
      objectReference: {fileID: 0}
    - target: {fileID: 4120436087534951331, guid: 28759af6e1d2447a2a38898cb28c89a3,
        type: 3}
      propertyPath: m_RootOrder
      value: 0
      objectReference: {fileID: 0}
    - target: {fileID: 4120436087534951331, guid: 28759af6e1d2447a2a38898cb28c89a3,
        type: 3}
      propertyPath: m_LocalEulerAnglesHint.x
      value: 0
      objectReference: {fileID: 0}
    - target: {fileID: 4120436087534951331, guid: 28759af6e1d2447a2a38898cb28c89a3,
        type: 3}
      propertyPath: m_LocalEulerAnglesHint.y
      value: 0
      objectReference: {fileID: 0}
    - target: {fileID: 4120436087534951331, guid: 28759af6e1d2447a2a38898cb28c89a3,
        type: 3}
      propertyPath: m_LocalEulerAnglesHint.z
      value: 0
      objectReference: {fileID: 0}
    m_RemovedComponents: []
  m_SourcePrefab: {fileID: 100100000, guid: 28759af6e1d2447a2a38898cb28c89a3, type: 3}
--- !u!4 &7935432615208099372 stripped
Transform:
  m_CorrespondingSourceObject: {fileID: 4120436087534951331, guid: 28759af6e1d2447a2a38898cb28c89a3,
    type: 3}
  m_PrefabInstance: {fileID: 6273209858439218575}
  m_PrefabAsset: {fileID: 0}
--- !u!1001 &8587973817736525638
PrefabInstance:
  m_ObjectHideFlags: 0
  serializedVersion: 2
  m_Modification:
    m_TransformParent: {fileID: 493448358124910212}
    m_Modifications:
    - target: {fileID: 4787499493672874364, guid: 3a023133e37564a7292fb2675587d607,
        type: 3}
      propertyPath: m_Name
      value: Butcher
      objectReference: {fileID: 0}
    - target: {fileID: 4787499493672874336, guid: 3a023133e37564a7292fb2675587d607,
        type: 3}
      propertyPath: m_LocalPosition.x
      value: 4.22
      objectReference: {fileID: 0}
    - target: {fileID: 4787499493672874336, guid: 3a023133e37564a7292fb2675587d607,
        type: 3}
      propertyPath: m_LocalPosition.y
      value: -0.405
      objectReference: {fileID: 0}
    - target: {fileID: 4787499493672874336, guid: 3a023133e37564a7292fb2675587d607,
        type: 3}
      propertyPath: m_LocalPosition.z
      value: 0
      objectReference: {fileID: 0}
    - target: {fileID: 4787499493672874336, guid: 3a023133e37564a7292fb2675587d607,
        type: 3}
      propertyPath: m_LocalRotation.x
      value: -0
      objectReference: {fileID: 0}
    - target: {fileID: 4787499493672874336, guid: 3a023133e37564a7292fb2675587d607,
        type: 3}
      propertyPath: m_LocalRotation.y
      value: -0
      objectReference: {fileID: 0}
    - target: {fileID: 4787499493672874336, guid: 3a023133e37564a7292fb2675587d607,
        type: 3}
      propertyPath: m_LocalRotation.z
      value: -0
      objectReference: {fileID: 0}
    - target: {fileID: 4787499493672874336, guid: 3a023133e37564a7292fb2675587d607,
        type: 3}
      propertyPath: m_LocalRotation.w
      value: 1
      objectReference: {fileID: 0}
    - target: {fileID: 4787499493672874336, guid: 3a023133e37564a7292fb2675587d607,
        type: 3}
      propertyPath: m_RootOrder
      value: 2
      objectReference: {fileID: 0}
    - target: {fileID: 4787499493672874336, guid: 3a023133e37564a7292fb2675587d607,
        type: 3}
      propertyPath: m_LocalEulerAnglesHint.x
      value: 0
      objectReference: {fileID: 0}
    - target: {fileID: 4787499493672874336, guid: 3a023133e37564a7292fb2675587d607,
        type: 3}
      propertyPath: m_LocalEulerAnglesHint.y
      value: 0
      objectReference: {fileID: 0}
    - target: {fileID: 4787499493672874336, guid: 3a023133e37564a7292fb2675587d607,
        type: 3}
      propertyPath: m_LocalEulerAnglesHint.z
      value: 0
      objectReference: {fileID: 0}
    - target: {fileID: 4787499493672874336, guid: 3a023133e37564a7292fb2675587d607,
        type: 3}
      propertyPath: m_LocalScale.y
      value: -1
      objectReference: {fileID: 0}
    - target: {fileID: 1674284184063592585, guid: 3a023133e37564a7292fb2675587d607,
        type: 3}
      propertyPath: m_ConnectedAnchor.y
      value: 0.08000001
      objectReference: {fileID: 0}
    m_RemovedComponents: []
  m_SourcePrefab: {fileID: 100100000, guid: 3a023133e37564a7292fb2675587d607, type: 3}
--- !u!4 &3845513069659784742 stripped
Transform:
  m_CorrespondingSourceObject: {fileID: 4787499493672874336, guid: 3a023133e37564a7292fb2675587d607,
    type: 3}
  m_PrefabInstance: {fileID: 8587973817736525638}
  m_PrefabAsset: {fileID: 0}
