%YAML 1.1
%TAG !u! tag:unity3d.com,2011:
--- !u!1 &1017149145000499274
GameObject:
  m_ObjectHideFlags: 0
  m_CorrespondingSourceObject: {fileID: 0}
  m_PrefabInstance: {fileID: 0}
  m_PrefabAsset: {fileID: 0}
  serializedVersion: 6
  m_Component:
  - component: {fileID: 8934819752858287303}
  - component: {fileID: 4356938420843335271}
  - component: {fileID: 446342630493048434}
  - component: {fileID: 1066978702097048929}
  m_Layer: 12
  m_Name: AttackArea
  m_TagString: Untagged
  m_Icon: {fileID: 0}
  m_NavMeshLayer: 0
  m_StaticEditorFlags: 0
  m_IsActive: 1
--- !u!4 &8934819752858287303
Transform:
  m_ObjectHideFlags: 0
  m_CorrespondingSourceObject: {fileID: 0}
  m_PrefabInstance: {fileID: 0}
  m_PrefabAsset: {fileID: 0}
  m_GameObject: {fileID: 1017149145000499274}
  m_LocalRotation: {x: 0, y: 0, z: 0, w: 1}
  m_LocalPosition: {x: 0, y: 0, z: 0}
  m_LocalScale: {x: 18.8305, y: 18.8305, z: 18.8305}
  m_Children: []
  m_Father: {fileID: 4120436087534951331}
  m_RootOrder: 2
  m_LocalEulerAnglesHint: {x: 0, y: 0, z: 0}
--- !u!114 &4356938420843335271
MonoBehaviour:
  m_ObjectHideFlags: 0
  m_CorrespondingSourceObject: {fileID: 0}
  m_PrefabInstance: {fileID: 0}
  m_PrefabAsset: {fileID: 0}
  m_GameObject: {fileID: 1017149145000499274}
  m_Enabled: 1
  m_EditorHideFlags: 0
  m_Script: {fileID: 11500000, guid: c8fe28f24f223fa4db3f92e75a7f199e, type: 3}
  m_Name: 
  m_EditorClassIdentifier: 
--- !u!114 &446342630493048434
MonoBehaviour:
  m_ObjectHideFlags: 0
  m_CorrespondingSourceObject: {fileID: 0}
  m_PrefabInstance: {fileID: 0}
  m_PrefabAsset: {fileID: 0}
  m_GameObject: {fileID: 1017149145000499274}
  m_Enabled: 1
  m_EditorHideFlags: 0
  m_Script: {fileID: 11500000, guid: 2430b7bd282f046d2aece4b25924fd01, type: 3}
  m_Name: 
  m_EditorClassIdentifier: 
--- !u!70 &1066978702097048929
CapsuleCollider2D:
  m_ObjectHideFlags: 0
  m_CorrespondingSourceObject: {fileID: 0}
  m_PrefabInstance: {fileID: 0}
  m_PrefabAsset: {fileID: 0}
  m_GameObject: {fileID: 1017149145000499274}
  m_Enabled: 1
  m_Density: 1
  m_Material: {fileID: 0}
  m_IsTrigger: 1
  m_UsedByEffector: 0
  m_UsedByComposite: 0
  m_Offset: {x: 0, y: 0}
  m_Size: {x: 2.65, y: 0.3}
  m_Direction: 1
--- !u!1 &3074243346805624663
GameObject:
  m_ObjectHideFlags: 0
  m_CorrespondingSourceObject: {fileID: 0}
  m_PrefabInstance: {fileID: 0}
  m_PrefabAsset: {fileID: 0}
  serializedVersion: 6
  m_Component:
  - component: {fileID: 6416083872340892075}
  - component: {fileID: 4109868007900237532}
  - component: {fileID: 4264790201907525376}
  m_Layer: 12
  m_Name: PursuitHeroArea
  m_TagString: Untagged
  m_Icon: {fileID: 0}
  m_NavMeshLayer: 0
  m_StaticEditorFlags: 0
  m_IsActive: 1
--- !u!4 &6416083872340892075
Transform:
  m_ObjectHideFlags: 0
  m_CorrespondingSourceObject: {fileID: 0}
  m_PrefabInstance: {fileID: 0}
  m_PrefabAsset: {fileID: 0}
  m_GameObject: {fileID: 3074243346805624663}
  m_LocalRotation: {x: 0, y: 0, z: 0, w: 1}
  m_LocalPosition: {x: 0, y: 0, z: 0}
  m_LocalScale: {x: 0.5216964, y: 0.5216964, z: 0.5216964}
  m_Children: []
  m_Father: {fileID: 4120436087534951331}
  m_RootOrder: 1
  m_LocalEulerAnglesHint: {x: 0, y: 0, z: 0}
--- !u!58 &4109868007900237532
CircleCollider2D:
  m_ObjectHideFlags: 0
  m_CorrespondingSourceObject: {fileID: 0}
  m_PrefabInstance: {fileID: 0}
  m_PrefabAsset: {fileID: 0}
  m_GameObject: {fileID: 3074243346805624663}
  m_Enabled: 1
  m_Density: 1
  m_Material: {fileID: 0}
  m_IsTrigger: 1
  m_UsedByEffector: 0
  m_UsedByComposite: 0
  m_Offset: {x: 0, y: 0}
  serializedVersion: 2
  m_Radius: 100.6
--- !u!114 &4264790201907525376
MonoBehaviour:
  m_ObjectHideFlags: 0
  m_CorrespondingSourceObject: {fileID: 0}
  m_PrefabInstance: {fileID: 0}
  m_PrefabAsset: {fileID: 0}
  m_GameObject: {fileID: 3074243346805624663}
  m_Enabled: 1
  m_EditorHideFlags: 0
  m_Script: {fileID: 11500000, guid: 5f6f22c27ee3b4b01bda1b5859260351, type: 3}
  m_Name: 
  m_EditorClassIdentifier: 
--- !u!1 &4120436087534951328
GameObject:
  m_ObjectHideFlags: 0
  m_CorrespondingSourceObject: {fileID: 0}
  m_PrefabInstance: {fileID: 0}
  m_PrefabAsset: {fileID: 0}
  serializedVersion: 6
  m_Component:
  - component: {fileID: 4120436087534951331}
  - component: {fileID: 4120436087534951330}
  - component: {fileID: 4120436087534951333}
  - component: {fileID: 4120436087534951332}
  - component: {fileID: 4120436087534951353}
  - component: {fileID: 4120436087534951334}
  - component: {fileID: 5065404063173359005}
  - component: {fileID: 6195322506459700893}
  - component: {fileID: 8335041186616199668}
  - component: {fileID: 9186764972273350450}
  m_Layer: 0
  m_Name: EnemyWashmash
  m_TagString: Enemy
  m_Icon: {fileID: 0}
  m_NavMeshLayer: 0
  m_StaticEditorFlags: 0
  m_IsActive: 1
--- !u!4 &4120436087534951331
Transform:
  m_ObjectHideFlags: 0
  m_CorrespondingSourceObject: {fileID: 0}
  m_PrefabInstance: {fileID: 0}
  m_PrefabAsset: {fileID: 0}
  m_GameObject: {fileID: 4120436087534951328}
  m_LocalRotation: {x: 0, y: 0, z: 0, w: 1}
  m_LocalPosition: {x: 0, y: 0, z: 0}
  m_LocalScale: {x: 1, y: 1, z: 1}
  m_Children:
  - {fileID: 6839828270396436970}
  - {fileID: 6416083872340892075}
  - {fileID: 8934819752858287303}
  - {fileID: 6435434574124690343}
  - {fileID: 200957110233172824}
  - {fileID: 6356755660402037905}
  - {fileID: 3360118068258954511}
  - {fileID: 6359094223193425118}
  m_Father: {fileID: 0}
  m_RootOrder: 0
  m_LocalEulerAnglesHint: {x: 0, y: 0, z: 0}
--- !u!212 &4120436087534951330
SpriteRenderer:
  m_ObjectHideFlags: 0
  m_CorrespondingSourceObject: {fileID: 0}
  m_PrefabInstance: {fileID: 0}
  m_PrefabAsset: {fileID: 0}
  m_GameObject: {fileID: 4120436087534951328}
  m_Enabled: 1
  m_CastShadows: 0
  m_ReceiveShadows: 0
  m_DynamicOccludee: 1
  m_MotionVectors: 1
  m_LightProbeUsage: 1
  m_ReflectionProbeUsage: 1
  m_RenderingLayerMask: 1
  m_RendererPriority: 0
  m_Materials:
  - {fileID: 2100000, guid: bc04e54d0a2944ab7b01cab82780cf3d, type: 2}
  m_StaticBatchInfo:
    firstSubMesh: 0
    subMeshCount: 0
  m_StaticBatchRoot: {fileID: 0}
  m_ProbeAnchor: {fileID: 0}
  m_LightProbeVolumeOverride: {fileID: 0}
  m_ScaleInLightmap: 1
  m_ReceiveGI: 1
  m_PreserveUVs: 0
  m_IgnoreNormalsForChartDetection: 0
  m_ImportantGI: 0
  m_StitchLightmapSeams: 1
  m_SelectedEditorRenderState: 0
  m_MinimumChartSize: 4
  m_AutoUVMaxDistance: 0.5
  m_AutoUVMaxAngle: 89
  m_LightmapParameters: {fileID: 0}
  m_SortingLayerID: 0
  m_SortingLayer: 0
  m_SortingOrder: 0
  m_Sprite: {fileID: 21300000, guid: 0331a0deb7552c2459ad50b7998d247e, type: 3}
  m_Color: {r: 1, g: 1, b: 1, a: 1}
  m_FlipX: 0
  m_FlipY: 0
  m_DrawMode: 0
  m_Size: {x: 1.29, y: 1.89}
  m_AdaptiveModeThreshold: 0.5
  m_SpriteTileMode: 0
  m_WasSpriteAssigned: 1
  m_MaskInteraction: 0
  m_SpriteSortPoint: 0
--- !u!114 &4120436087534951333
MonoBehaviour:
  m_ObjectHideFlags: 0
  m_CorrespondingSourceObject: {fileID: 0}
  m_PrefabInstance: {fileID: 0}
  m_PrefabAsset: {fileID: 0}
  m_GameObject: {fileID: 4120436087534951328}
  m_Enabled: 1
  m_EditorHideFlags: 0
  m_Script: {fileID: 11500000, guid: ccf6c7ec48234e80b5f1e5ded0b032bc, type: 3}
  m_Name: 
  m_EditorClassIdentifier: 
  _side: 2
--- !u!50 &4120436087534951332
Rigidbody2D:
  serializedVersion: 4
  m_ObjectHideFlags: 0
  m_CorrespondingSourceObject: {fileID: 0}
  m_PrefabInstance: {fileID: 0}
  m_PrefabAsset: {fileID: 0}
  m_GameObject: {fileID: 4120436087534951328}
  m_BodyType: 0
  m_Simulated: 1
  m_UseFullKinematicContacts: 0
  m_UseAutoMass: 0
  m_Mass: 250
  m_LinearDrag: 2
  m_AngularDrag: 0.05
  m_GravityScale: 1
  m_Material: {fileID: 0}
  m_Interpolate: 0
  m_SleepingMode: 1
  m_CollisionDetection: 0
  m_Constraints: 0
--- !u!95 &4120436087534951353
Animator:
  serializedVersion: 3
  m_ObjectHideFlags: 0
  m_CorrespondingSourceObject: {fileID: 0}
  m_PrefabInstance: {fileID: 0}
  m_PrefabAsset: {fileID: 0}
  m_GameObject: {fileID: 4120436087534951328}
  m_Enabled: 1
  m_Avatar: {fileID: 0}
  m_Controller: {fileID: 9100000, guid: b37434d1e7346c0438bfc58b065e4963, type: 2}
  m_CullingMode: 0
  m_UpdateMode: 0
  m_ApplyRootMotion: 0
  m_LinearVelocityBlending: 0
  m_WarningMessage: 
  m_HasTransformHierarchy: 1
  m_AllowConstantClipSamplingOptimization: 1
  m_KeepAnimatorControllerStateOnDisable: 0
--- !u!114 &4120436087534951334
MonoBehaviour:
  m_ObjectHideFlags: 0
  m_CorrespondingSourceObject: {fileID: 0}
  m_PrefabInstance: {fileID: 0}
  m_PrefabAsset: {fileID: 0}
  m_GameObject: {fileID: 4120436087534951328}
  m_Enabled: 1
  m_EditorHideFlags: 0
  m_Script: {fileID: 11500000, guid: 8266d83c7ca3c454eb35f84d8e2e5212, type: 3}
  m_Name: 
  m_EditorClassIdentifier: 
  ComeSpeed: 50
  RetreatSpeed: 50
--- !u!114 &5065404063173359005
MonoBehaviour:
  m_ObjectHideFlags: 0
  m_CorrespondingSourceObject: {fileID: 0}
  m_PrefabInstance: {fileID: 0}
  m_PrefabAsset: {fileID: 0}
  m_GameObject: {fileID: 4120436087534951328}
  m_Enabled: 1
  m_EditorHideFlags: 0
  m_Script: {fileID: 11500000, guid: e3e053e74cd14ff46b1a364d73b9a455, type: 3}
  m_Name: 
  m_EditorClassIdentifier: 
  LowDistance: 6
  HighDistance: 16
  FloatForce: 0.8
  GravDampenScale: 10
  GravDampenMax: 30
--- !u!114 &6195322506459700893
MonoBehaviour:
  m_ObjectHideFlags: 0
  m_CorrespondingSourceObject: {fileID: 0}
  m_PrefabInstance: {fileID: 0}
  m_PrefabAsset: {fileID: 0}
  m_GameObject: {fileID: 4120436087534951328}
  m_Enabled: 1
  m_EditorHideFlags: 0
  m_Script: {fileID: 11500000, guid: d49247f1eaf04921934e61642f21e188, type: 3}
  m_Name: 
  m_EditorClassIdentifier: 
  InitialHits: 250
  Owner: {fileID: 4120436087534951333}
--- !u!114 &8335041186616199668
MonoBehaviour:
  m_ObjectHideFlags: 0
  m_CorrespondingSourceObject: {fileID: 0}
  m_PrefabInstance: {fileID: 0}
  m_PrefabAsset: {fileID: 0}
  m_GameObject: {fileID: 4120436087534951328}
  m_Enabled: 1
  m_EditorHideFlags: 0
  m_Script: {fileID: 11500000, guid: ef3e6bd39ac54c998b8773e1f0bf9a82, type: 3}
  m_Name: 
  m_EditorClassIdentifier: 
  DamagePerHit: 8
  Type: 1
--- !u!61 &9186764972273350450
BoxCollider2D:
  m_ObjectHideFlags: 0
  m_CorrespondingSourceObject: {fileID: 0}
  m_PrefabInstance: {fileID: 0}
  m_PrefabAsset: {fileID: 0}
  m_GameObject: {fileID: 4120436087534951328}
  m_Enabled: 1
  m_Density: 1
  m_Material: {fileID: 0}
  m_IsTrigger: 0
  m_UsedByEffector: 0
  m_UsedByComposite: 0
  m_Offset: {x: 0.022771358, y: 0.045541763}
  m_SpriteTilingProperty:
    border: {x: 0, y: 0, z: 0, w: 0}
    pivot: {x: 0.5, y: 0.5}
    oldSize: {x: 4.46, y: 5.28}
    newSize: {x: 1.29, y: 1.89}
    adaptiveTilingThreshold: 0.5
    drawMode: 0
    adaptiveTiling: 0
  m_AutoTiling: 0
  serializedVersion: 2
  m_Size: {x: 4.0804825, y: 4.9763856}
  m_EdgeRadius: 0
--- !u!1001 &2265433463800313817
PrefabInstance:
  m_ObjectHideFlags: 0
  serializedVersion: 2
  m_Modification:
    m_TransformParent: {fileID: 4120436087534951331}
    m_Modifications:
    - target: {fileID: 3679196773928532525, guid: 6f0dced475aab164baaa6a9eb124e911,
        type: 3}
      propertyPath: m_Name
      value: LegSocket (3)
      objectReference: {fileID: 0}
    - target: {fileID: 2141917743418457217, guid: 6f0dced475aab164baaa6a9eb124e911,
        type: 3}
      propertyPath: m_LocalPosition.x
      value: 2.18
      objectReference: {fileID: 0}
    - target: {fileID: 2141917743418457217, guid: 6f0dced475aab164baaa6a9eb124e911,
        type: 3}
      propertyPath: m_LocalPosition.y
      value: 1.77
      objectReference: {fileID: 0}
    - target: {fileID: 2141917743418457217, guid: 6f0dced475aab164baaa6a9eb124e911,
        type: 3}
      propertyPath: m_LocalPosition.z
      value: 0
      objectReference: {fileID: 0}
    - target: {fileID: 2141917743418457217, guid: 6f0dced475aab164baaa6a9eb124e911,
        type: 3}
      propertyPath: m_LocalRotation.x
      value: -0
      objectReference: {fileID: 0}
    - target: {fileID: 2141917743418457217, guid: 6f0dced475aab164baaa6a9eb124e911,
        type: 3}
      propertyPath: m_LocalRotation.y
      value: -0
      objectReference: {fileID: 0}
    - target: {fileID: 2141917743418457217, guid: 6f0dced475aab164baaa6a9eb124e911,
        type: 3}
      propertyPath: m_LocalRotation.z
      value: -0
      objectReference: {fileID: 0}
    - target: {fileID: 2141917743418457217, guid: 6f0dced475aab164baaa6a9eb124e911,
        type: 3}
      propertyPath: m_LocalRotation.w
      value: 1
      objectReference: {fileID: 0}
    - target: {fileID: 2141917743418457217, guid: 6f0dced475aab164baaa6a9eb124e911,
        type: 3}
      propertyPath: m_RootOrder
      value: 4
      objectReference: {fileID: 0}
    - target: {fileID: 2141917743418457217, guid: 6f0dced475aab164baaa6a9eb124e911,
        type: 3}
      propertyPath: m_LocalEulerAnglesHint.x
      value: 0
      objectReference: {fileID: 0}
    - target: {fileID: 2141917743418457217, guid: 6f0dced475aab164baaa6a9eb124e911,
        type: 3}
      propertyPath: m_LocalEulerAnglesHint.y
      value: 0
      objectReference: {fileID: 0}
    - target: {fileID: 2141917743418457217, guid: 6f0dced475aab164baaa6a9eb124e911,
        type: 3}
      propertyPath: m_LocalEulerAnglesHint.z
      value: 0
      objectReference: {fileID: 0}
    m_RemovedComponents: []
  m_SourcePrefab: {fileID: 100100000, guid: 6f0dced475aab164baaa6a9eb124e911, type: 3}
--- !u!4 &200957110233172824 stripped
Transform:
  m_CorrespondingSourceObject: {fileID: 2141917743418457217, guid: 6f0dced475aab164baaa6a9eb124e911,
    type: 3}
  m_PrefabInstance: {fileID: 2265433463800313817}
  m_PrefabAsset: {fileID: 0}
--- !u!1001 &3681718268942508430
PrefabInstance:
  m_ObjectHideFlags: 0
  serializedVersion: 2
  m_Modification:
    m_TransformParent: {fileID: 4120436087534951331}
    m_Modifications:
    - target: {fileID: 3679196773928532525, guid: 6f0dced475aab164baaa6a9eb124e911,
        type: 3}
      propertyPath: m_Name
      value: LegSocket (5)
      objectReference: {fileID: 0}
    - target: {fileID: 2141917743418457217, guid: 6f0dced475aab164baaa6a9eb124e911,
        type: 3}
      propertyPath: m_LocalPosition.x
      value: -2.16
      objectReference: {fileID: 0}
    - target: {fileID: 2141917743418457217, guid: 6f0dced475aab164baaa6a9eb124e911,
        type: 3}
      propertyPath: m_LocalPosition.y
      value: -0.11
      objectReference: {fileID: 0}
    - target: {fileID: 2141917743418457217, guid: 6f0dced475aab164baaa6a9eb124e911,
        type: 3}
      propertyPath: m_LocalPosition.z
      value: 0
      objectReference: {fileID: 0}
    - target: {fileID: 2141917743418457217, guid: 6f0dced475aab164baaa6a9eb124e911,
        type: 3}
      propertyPath: m_LocalRotation.x
      value: -0
      objectReference: {fileID: 0}
    - target: {fileID: 2141917743418457217, guid: 6f0dced475aab164baaa6a9eb124e911,
        type: 3}
      propertyPath: m_LocalRotation.y
      value: -0
      objectReference: {fileID: 0}
    - target: {fileID: 2141917743418457217, guid: 6f0dced475aab164baaa6a9eb124e911,
        type: 3}
      propertyPath: m_LocalRotation.z
      value: -0
      objectReference: {fileID: 0}
    - target: {fileID: 2141917743418457217, guid: 6f0dced475aab164baaa6a9eb124e911,
        type: 3}
      propertyPath: m_LocalRotation.w
      value: 1
      objectReference: {fileID: 0}
    - target: {fileID: 2141917743418457217, guid: 6f0dced475aab164baaa6a9eb124e911,
        type: 3}
      propertyPath: m_RootOrder
      value: 6
      objectReference: {fileID: 0}
    - target: {fileID: 2141917743418457217, guid: 6f0dced475aab164baaa6a9eb124e911,
        type: 3}
      propertyPath: m_LocalEulerAnglesHint.x
      value: 0
      objectReference: {fileID: 0}
    - target: {fileID: 2141917743418457217, guid: 6f0dced475aab164baaa6a9eb124e911,
        type: 3}
      propertyPath: m_LocalEulerAnglesHint.y
      value: 0
      objectReference: {fileID: 0}
    - target: {fileID: 2141917743418457217, guid: 6f0dced475aab164baaa6a9eb124e911,
        type: 3}
      propertyPath: m_LocalEulerAnglesHint.z
      value: 0
      objectReference: {fileID: 0}
    m_RemovedComponents: []
  m_SourcePrefab: {fileID: 100100000, guid: 6f0dced475aab164baaa6a9eb124e911, type: 3}
--- !u!4 &3360118068258954511 stripped
Transform:
  m_CorrespondingSourceObject: {fileID: 2141917743418457217, guid: 6f0dced475aab164baaa6a9eb124e911,
    type: 3}
  m_PrefabInstance: {fileID: 3681718268942508430}
  m_PrefabAsset: {fileID: 0}
--- !u!1001 &4851059889456762219
PrefabInstance:
  m_ObjectHideFlags: 0
  serializedVersion: 2
  m_Modification:
    m_TransformParent: {fileID: 4120436087534951331}
    m_Modifications:
    - target: {fileID: 3679196773928532525, guid: 6f0dced475aab164baaa6a9eb124e911,
        type: 3}
      propertyPath: m_Name
      value: LegSocket (2)
      objectReference: {fileID: 0}
    - target: {fileID: 2141917743418457217, guid: 6f0dced475aab164baaa6a9eb124e911,
        type: 3}
      propertyPath: m_LocalPosition.x
      value: -2.22
      objectReference: {fileID: 0}
    - target: {fileID: 2141917743418457217, guid: 6f0dced475aab164baaa6a9eb124e911,
        type: 3}
      propertyPath: m_LocalPosition.y
      value: 1.68
      objectReference: {fileID: 0}
    - target: {fileID: 2141917743418457217, guid: 6f0dced475aab164baaa6a9eb124e911,
        type: 3}
      propertyPath: m_LocalPosition.z
      value: 0
      objectReference: {fileID: 0}
    - target: {fileID: 2141917743418457217, guid: 6f0dced475aab164baaa6a9eb124e911,
        type: 3}
      propertyPath: m_LocalRotation.x
      value: -0
      objectReference: {fileID: 0}
    - target: {fileID: 2141917743418457217, guid: 6f0dced475aab164baaa6a9eb124e911,
        type: 3}
      propertyPath: m_LocalRotation.y
      value: -0
      objectReference: {fileID: 0}
    - target: {fileID: 2141917743418457217, guid: 6f0dced475aab164baaa6a9eb124e911,
        type: 3}
      propertyPath: m_LocalRotation.z
      value: -0
      objectReference: {fileID: 0}
    - target: {fileID: 2141917743418457217, guid: 6f0dced475aab164baaa6a9eb124e911,
        type: 3}
      propertyPath: m_LocalRotation.w
      value: 1
      objectReference: {fileID: 0}
    - target: {fileID: 2141917743418457217, guid: 6f0dced475aab164baaa6a9eb124e911,
        type: 3}
      propertyPath: m_RootOrder
      value: 0
      objectReference: {fileID: 0}
    - target: {fileID: 2141917743418457217, guid: 6f0dced475aab164baaa6a9eb124e911,
        type: 3}
      propertyPath: m_LocalEulerAnglesHint.x
      value: 0
      objectReference: {fileID: 0}
    - target: {fileID: 2141917743418457217, guid: 6f0dced475aab164baaa6a9eb124e911,
        type: 3}
      propertyPath: m_LocalEulerAnglesHint.y
      value: 0
      objectReference: {fileID: 0}
    - target: {fileID: 2141917743418457217, guid: 6f0dced475aab164baaa6a9eb124e911,
        type: 3}
      propertyPath: m_LocalEulerAnglesHint.z
      value: 0
      objectReference: {fileID: 0}
    m_RemovedComponents: []
  m_SourcePrefab: {fileID: 100100000, guid: 6f0dced475aab164baaa6a9eb124e911, type: 3}
--- !u!4 &6839828270396436970 stripped
Transform:
  m_CorrespondingSourceObject: {fileID: 2141917743418457217, guid: 6f0dced475aab164baaa6a9eb124e911,
    type: 3}
  m_PrefabInstance: {fileID: 4851059889456762219}
  m_PrefabAsset: {fileID: 0}
--- !u!1001 &5011984397162227728
PrefabInstance:
  m_ObjectHideFlags: 0
  serializedVersion: 2
  m_Modification:
    m_TransformParent: {fileID: 4120436087534951331}
    m_Modifications:
    - target: {fileID: 3679196773928532525, guid: 6f0dced475aab164baaa6a9eb124e911,
        type: 3}
      propertyPath: m_Name
      value: LegSocket (4)
      objectReference: {fileID: 0}
    - target: {fileID: 2141917743418457217, guid: 6f0dced475aab164baaa6a9eb124e911,
        type: 3}
      propertyPath: m_LocalPosition.x
      value: 2.21
      objectReference: {fileID: 0}
    - target: {fileID: 2141917743418457217, guid: 6f0dced475aab164baaa6a9eb124e911,
        type: 3}
      propertyPath: m_LocalPosition.y
      value: -0.03
      objectReference: {fileID: 0}
    - target: {fileID: 2141917743418457217, guid: 6f0dced475aab164baaa6a9eb124e911,
        type: 3}
      propertyPath: m_LocalPosition.z
      value: 0
      objectReference: {fileID: 0}
    - target: {fileID: 2141917743418457217, guid: 6f0dced475aab164baaa6a9eb124e911,
        type: 3}
      propertyPath: m_LocalRotation.x
      value: -0
      objectReference: {fileID: 0}
    - target: {fileID: 2141917743418457217, guid: 6f0dced475aab164baaa6a9eb124e911,
        type: 3}
      propertyPath: m_LocalRotation.y
      value: -0
      objectReference: {fileID: 0}
    - target: {fileID: 2141917743418457217, guid: 6f0dced475aab164baaa6a9eb124e911,
        type: 3}
      propertyPath: m_LocalRotation.z
      value: -0
      objectReference: {fileID: 0}
    - target: {fileID: 2141917743418457217, guid: 6f0dced475aab164baaa6a9eb124e911,
        type: 3}
      propertyPath: m_LocalRotation.w
      value: 1
      objectReference: {fileID: 0}
    - target: {fileID: 2141917743418457217, guid: 6f0dced475aab164baaa6a9eb124e911,
        type: 3}
      propertyPath: m_RootOrder
      value: 5
      objectReference: {fileID: 0}
    - target: {fileID: 2141917743418457217, guid: 6f0dced475aab164baaa6a9eb124e911,
        type: 3}
      propertyPath: m_LocalEulerAnglesHint.x
      value: 0
      objectReference: {fileID: 0}
    - target: {fileID: 2141917743418457217, guid: 6f0dced475aab164baaa6a9eb124e911,
        type: 3}
      propertyPath: m_LocalEulerAnglesHint.y
      value: 0
      objectReference: {fileID: 0}
    - target: {fileID: 2141917743418457217, guid: 6f0dced475aab164baaa6a9eb124e911,
        type: 3}
      propertyPath: m_LocalEulerAnglesHint.z
      value: 0
      objectReference: {fileID: 0}
    m_RemovedComponents: []
  m_SourcePrefab: {fileID: 100100000, guid: 6f0dced475aab164baaa6a9eb124e911, type: 3}
--- !u!4 &6356755660402037905 stripped
Transform:
  m_CorrespondingSourceObject: {fileID: 2141917743418457217, guid: 6f0dced475aab164baaa6a9eb124e911,
    type: 3}
  m_PrefabInstance: {fileID: 5011984397162227728}
  m_PrefabAsset: {fileID: 0}
--- !u!1001 &5042224362694834271
PrefabInstance:
  m_ObjectHideFlags: 0
  serializedVersion: 2
  m_Modification:
    m_TransformParent: {fileID: 4120436087534951331}
    m_Modifications:
    - target: {fileID: 3679196773928532525, guid: 6f0dced475aab164baaa6a9eb124e911,
        type: 3}
      propertyPath: m_Name
      value: LegSocket (7)
      objectReference: {fileID: 0}
    - target: {fileID: 2141917743418457217, guid: 6f0dced475aab164baaa6a9eb124e911,
        type: 3}
      propertyPath: m_LocalPosition.x
      value: -0.02
      objectReference: {fileID: 0}
    - target: {fileID: 2141917743418457217, guid: 6f0dced475aab164baaa6a9eb124e911,
        type: 3}
      propertyPath: m_LocalPosition.y
      value: 2.63
      objectReference: {fileID: 0}
    - target: {fileID: 2141917743418457217, guid: 6f0dced475aab164baaa6a9eb124e911,
        type: 3}
      propertyPath: m_LocalPosition.z
      value: 0
      objectReference: {fileID: 0}
    - target: {fileID: 2141917743418457217, guid: 6f0dced475aab164baaa6a9eb124e911,
        type: 3}
      propertyPath: m_LocalRotation.x
      value: -0
      objectReference: {fileID: 0}
    - target: {fileID: 2141917743418457217, guid: 6f0dced475aab164baaa6a9eb124e911,
        type: 3}
      propertyPath: m_LocalRotation.y
      value: -0
      objectReference: {fileID: 0}
    - target: {fileID: 2141917743418457217, guid: 6f0dced475aab164baaa6a9eb124e911,
        type: 3}
      propertyPath: m_LocalRotation.z
      value: -0
      objectReference: {fileID: 0}
    - target: {fileID: 2141917743418457217, guid: 6f0dced475aab164baaa6a9eb124e911,
        type: 3}
      propertyPath: m_LocalRotation.w
      value: 1
      objectReference: {fileID: 0}
    - target: {fileID: 2141917743418457217, guid: 6f0dced475aab164baaa6a9eb124e911,
        type: 3}
      propertyPath: m_RootOrder
      value: 7
      objectReference: {fileID: 0}
    - target: {fileID: 2141917743418457217, guid: 6f0dced475aab164baaa6a9eb124e911,
        type: 3}
      propertyPath: m_LocalEulerAnglesHint.x
      value: 0
      objectReference: {fileID: 0}
    - target: {fileID: 2141917743418457217, guid: 6f0dced475aab164baaa6a9eb124e911,
        type: 3}
      propertyPath: m_LocalEulerAnglesHint.y
      value: 0
      objectReference: {fileID: 0}
    - target: {fileID: 2141917743418457217, guid: 6f0dced475aab164baaa6a9eb124e911,
        type: 3}
      propertyPath: m_LocalEulerAnglesHint.z
      value: 0
      objectReference: {fileID: 0}
    m_RemovedComponents: []
  m_SourcePrefab: {fileID: 100100000, guid: 6f0dced475aab164baaa6a9eb124e911, type: 3}
--- !u!4 &6359094223193425118 stripped
Transform:
  m_CorrespondingSourceObject: {fileID: 2141917743418457217, guid: 6f0dced475aab164baaa6a9eb124e911,
    type: 3}
  m_PrefabInstance: {fileID: 5042224362694834271}
  m_PrefabAsset: {fileID: 0}
--- !u!1001 &6394419040962331591
PrefabInstance:
  m_ObjectHideFlags: 0
  serializedVersion: 2
  m_Modification:
    m_TransformParent: {fileID: 4120436087534951331}
    m_Modifications:
    - target: {fileID: 140398405191329919, guid: 65dd2e2794fe64b4e8e0bb7389958afe,
        type: 3}
      propertyPath: m_Name
      value: WeaponSounder
      objectReference: {fileID: 0}
    - target: {fileID: 140398405191329919, guid: 65dd2e2794fe64b4e8e0bb7389958afe,
        type: 3}
      propertyPath: m_IsActive
      value: 1
      objectReference: {fileID: 0}
    - target: {fileID: 140398405191329888, guid: 65dd2e2794fe64b4e8e0bb7389958afe,
        type: 3}
      propertyPath: m_LocalPosition.x
      value: 0
      objectReference: {fileID: 0}
    - target: {fileID: 140398405191329888, guid: 65dd2e2794fe64b4e8e0bb7389958afe,
        type: 3}
      propertyPath: m_LocalPosition.y
      value: 0
      objectReference: {fileID: 0}
    - target: {fileID: 140398405191329888, guid: 65dd2e2794fe64b4e8e0bb7389958afe,
        type: 3}
      propertyPath: m_LocalPosition.z
      value: 0
      objectReference: {fileID: 0}
    - target: {fileID: 140398405191329888, guid: 65dd2e2794fe64b4e8e0bb7389958afe,
        type: 3}
      propertyPath: m_LocalRotation.x
      value: 0
      objectReference: {fileID: 0}
    - target: {fileID: 140398405191329888, guid: 65dd2e2794fe64b4e8e0bb7389958afe,
        type: 3}
      propertyPath: m_LocalRotation.y
      value: 0
      objectReference: {fileID: 0}
    - target: {fileID: 140398405191329888, guid: 65dd2e2794fe64b4e8e0bb7389958afe,
        type: 3}
      propertyPath: m_LocalRotation.z
      value: 0
      objectReference: {fileID: 0}
    - target: {fileID: 140398405191329888, guid: 65dd2e2794fe64b4e8e0bb7389958afe,
        type: 3}
      propertyPath: m_LocalRotation.w
      value: 1
      objectReference: {fileID: 0}
    - target: {fileID: 140398405191329888, guid: 65dd2e2794fe64b4e8e0bb7389958afe,
        type: 3}
      propertyPath: m_RootOrder
      value: 3
      objectReference: {fileID: 0}
    - target: {fileID: 140398405191329888, guid: 65dd2e2794fe64b4e8e0bb7389958afe,
        type: 3}
      propertyPath: m_LocalEulerAnglesHint.x
      value: 0
      objectReference: {fileID: 0}
    - target: {fileID: 140398405191329888, guid: 65dd2e2794fe64b4e8e0bb7389958afe,
        type: 3}
      propertyPath: m_LocalEulerAnglesHint.y
      value: 0
      objectReference: {fileID: 0}
    - target: {fileID: 140398405191329888, guid: 65dd2e2794fe64b4e8e0bb7389958afe,
        type: 3}
      propertyPath: m_LocalEulerAnglesHint.z
      value: 0
      objectReference: {fileID: 0}
    m_RemovedComponents: []
  m_SourcePrefab: {fileID: 100100000, guid: 65dd2e2794fe64b4e8e0bb7389958afe, type: 3}
--- !u!4 &6435434574124690343 stripped
Transform:
  m_CorrespondingSourceObject: {fileID: 140398405191329888, guid: 65dd2e2794fe64b4e8e0bb7389958afe,
    type: 3}
  m_PrefabInstance: {fileID: 6394419040962331591}
  m_PrefabAsset: {fileID: 0}
