%YAML 1.1
%TAG !u! tag:unity3d.com,2011:
--- !u!1 &8571722122227859439
GameObject:
  m_ObjectHideFlags: 0
  m_CorrespondingSourceObject: {fileID: 0}
  m_PrefabInstance: {fileID: 0}
  m_PrefabAsset: {fileID: 0}
  serializedVersion: 6
  m_Component:
  - component: {fileID: 3468484105274316681}
  m_Layer: 0
  m_Name: Packed_Vedro_2
  m_TagString: Untagged
  m_Icon: {fileID: 0}
  m_NavMeshLayer: 0
  m_StaticEditorFlags: 0
  m_IsActive: 1
--- !u!4 &3468484105274316681
Transform:
  m_ObjectHideFlags: 0
  m_CorrespondingSourceObject: {fileID: 0}
  m_PrefabInstance: {fileID: 0}
  m_PrefabAsset: {fileID: 0}
  m_GameObject: {fileID: 8571722122227859439}
  m_LocalRotation: {x: 0, y: 0, z: 0, w: 1}
  m_LocalPosition: {x: 0, y: 0, z: 0}
  m_LocalScale: {x: 1, y: 1, z: 1}
  m_Children:
  - {fileID: 1337346158299108235}
  - {fileID: 7085315797599243369}
  - {fileID: 4577123274566378508}
  - {fileID: 3727625077884966280}
  - {fileID: 8063727930073006931}
  m_Father: {fileID: 0}
  m_RootOrder: 0
  m_LocalEulerAnglesHint: {x: 0, y: 0, z: 0}
--- !u!1001 &3143952296071546920
PrefabInstance:
  m_ObjectHideFlags: 0
  serializedVersion: 2
  m_Modification:
    m_TransformParent: {fileID: 3468484105274316681}
    m_Modifications:
    - target: {fileID: 4120436087534951328, guid: 92c3ba1db1409fc4e820020cd16f97ac,
        type: 3}
      propertyPath: m_Name
      value: EnemyRotator
      objectReference: {fileID: 0}
    - target: {fileID: 4120436087534951331, guid: 92c3ba1db1409fc4e820020cd16f97ac,
        type: 3}
      propertyPath: m_LocalPosition.x
      value: 0
      objectReference: {fileID: 0}
    - target: {fileID: 4120436087534951331, guid: 92c3ba1db1409fc4e820020cd16f97ac,
        type: 3}
      propertyPath: m_LocalPosition.y
      value: 0
      objectReference: {fileID: 0}
    - target: {fileID: 4120436087534951331, guid: 92c3ba1db1409fc4e820020cd16f97ac,
        type: 3}
      propertyPath: m_LocalPosition.z
      value: 0
      objectReference: {fileID: 0}
    - target: {fileID: 4120436087534951331, guid: 92c3ba1db1409fc4e820020cd16f97ac,
        type: 3}
      propertyPath: m_LocalRotation.x
      value: 0
      objectReference: {fileID: 0}
    - target: {fileID: 4120436087534951331, guid: 92c3ba1db1409fc4e820020cd16f97ac,
        type: 3}
      propertyPath: m_LocalRotation.y
      value: 0
      objectReference: {fileID: 0}
    - target: {fileID: 4120436087534951331, guid: 92c3ba1db1409fc4e820020cd16f97ac,
        type: 3}
      propertyPath: m_LocalRotation.z
      value: 0
      objectReference: {fileID: 0}
    - target: {fileID: 4120436087534951331, guid: 92c3ba1db1409fc4e820020cd16f97ac,
        type: 3}
      propertyPath: m_LocalRotation.w
      value: 1
      objectReference: {fileID: 0}
    - target: {fileID: 4120436087534951331, guid: 92c3ba1db1409fc4e820020cd16f97ac,
        type: 3}
      propertyPath: m_RootOrder
      value: 0
      objectReference: {fileID: 0}
    - target: {fileID: 4120436087534951331, guid: 92c3ba1db1409fc4e820020cd16f97ac,
        type: 3}
      propertyPath: m_LocalEulerAnglesHint.x
      value: 0
      objectReference: {fileID: 0}
    - target: {fileID: 4120436087534951331, guid: 92c3ba1db1409fc4e820020cd16f97ac,
        type: 3}
      propertyPath: m_LocalEulerAnglesHint.y
      value: 0
      objectReference: {fileID: 0}
    - target: {fileID: 4120436087534951331, guid: 92c3ba1db1409fc4e820020cd16f97ac,
        type: 3}
      propertyPath: m_LocalEulerAnglesHint.z
      value: 0
      objectReference: {fileID: 0}
    m_RemovedComponents: []
  m_SourcePrefab: {fileID: 100100000, guid: 92c3ba1db1409fc4e820020cd16f97ac, type: 3}
--- !u!4 &1337346158299108235 stripped
Transform:
  m_CorrespondingSourceObject: {fileID: 4120436087534951331, guid: 92c3ba1db1409fc4e820020cd16f97ac,
    type: 3}
  m_PrefabInstance: {fileID: 3143952296071546920}
  m_PrefabAsset: {fileID: 0}
--- !u!1001 &3285517458879689267
PrefabInstance:
  m_ObjectHideFlags: 0
  serializedVersion: 2
  m_Modification:
    m_TransformParent: {fileID: 3468484105274316681}
    m_Modifications:
    - target: {fileID: 4787499493672874364, guid: 2f5df70be80840d45abe38fdce09b25c,
        type: 3}
      propertyPath: m_Name
      value: Glove
      objectReference: {fileID: 0}
    - target: {fileID: 4787499493672874336, guid: 2f5df70be80840d45abe38fdce09b25c,
        type: 3}
      propertyPath: m_LocalPosition.x
      value: 3.3793747
      objectReference: {fileID: 0}
    - target: {fileID: 4787499493672874336, guid: 2f5df70be80840d45abe38fdce09b25c,
        type: 3}
      propertyPath: m_LocalPosition.y
      value: -1.0879
      objectReference: {fileID: 0}
    - target: {fileID: 4787499493672874336, guid: 2f5df70be80840d45abe38fdce09b25c,
        type: 3}
      propertyPath: m_LocalPosition.z
      value: 0
      objectReference: {fileID: 0}
    - target: {fileID: 4787499493672874336, guid: 2f5df70be80840d45abe38fdce09b25c,
        type: 3}
      propertyPath: m_LocalRotation.x
      value: -0
      objectReference: {fileID: 0}
    - target: {fileID: 4787499493672874336, guid: 2f5df70be80840d45abe38fdce09b25c,
        type: 3}
      propertyPath: m_LocalRotation.y
      value: -0
      objectReference: {fileID: 0}
    - target: {fileID: 4787499493672874336, guid: 2f5df70be80840d45abe38fdce09b25c,
        type: 3}
      propertyPath: m_LocalRotation.z
      value: -0
      objectReference: {fileID: 0}
    - target: {fileID: 4787499493672874336, guid: 2f5df70be80840d45abe38fdce09b25c,
        type: 3}
      propertyPath: m_LocalRotation.w
      value: 1
      objectReference: {fileID: 0}
    - target: {fileID: 4787499493672874336, guid: 2f5df70be80840d45abe38fdce09b25c,
        type: 3}
      propertyPath: m_RootOrder
      value: 4
      objectReference: {fileID: 0}
    - target: {fileID: 4787499493672874336, guid: 2f5df70be80840d45abe38fdce09b25c,
        type: 3}
      propertyPath: m_LocalEulerAnglesHint.x
      value: 0
      objectReference: {fileID: 0}
    - target: {fileID: 4787499493672874336, guid: 2f5df70be80840d45abe38fdce09b25c,
        type: 3}
      propertyPath: m_LocalEulerAnglesHint.y
      value: 0
      objectReference: {fileID: 0}
    - target: {fileID: 4787499493672874336, guid: 2f5df70be80840d45abe38fdce09b25c,
        type: 3}
      propertyPath: m_LocalEulerAnglesHint.z
      value: 0
      objectReference: {fileID: 0}
    m_RemovedComponents: []
  m_SourcePrefab: {fileID: 100100000, guid: 2f5df70be80840d45abe38fdce09b25c, type: 3}
--- !u!4 &8063727930073006931 stripped
Transform:
  m_CorrespondingSourceObject: {fileID: 4787499493672874336, guid: 2f5df70be80840d45abe38fdce09b25c,
    type: 3}
  m_PrefabInstance: {fileID: 3285517458879689267}
  m_PrefabAsset: {fileID: 0}
--- !u!1001 &6881801181887127260
PrefabInstance:
  m_ObjectHideFlags: 0
  serializedVersion: 2
  m_Modification:
    m_TransformParent: {fileID: 3468484105274316681}
    m_Modifications:
    - target: {fileID: 4455476868306637481, guid: 898076ee79d159e468867205acafc9f2,
        type: 3}
      propertyPath: m_Name
      value: Connector2
      objectReference: {fileID: 0}
    - target: {fileID: 4455476868306637493, guid: 898076ee79d159e468867205acafc9f2,
        type: 3}
      propertyPath: m_LocalPosition.x
      value: 0.724
      objectReference: {fileID: 0}
    - target: {fileID: 4455476868306637493, guid: 898076ee79d159e468867205acafc9f2,
        type: 3}
      propertyPath: m_LocalPosition.y
      value: 1.392
      objectReference: {fileID: 0}
    - target: {fileID: 4455476868306637493, guid: 898076ee79d159e468867205acafc9f2,
        type: 3}
      propertyPath: m_LocalPosition.z
      value: 0
      objectReference: {fileID: 0}
    - target: {fileID: 4455476868306637493, guid: 898076ee79d159e468867205acafc9f2,
        type: 3}
      propertyPath: m_LocalRotation.x
      value: -0
      objectReference: {fileID: 0}
    - target: {fileID: 4455476868306637493, guid: 898076ee79d159e468867205acafc9f2,
        type: 3}
      propertyPath: m_LocalRotation.y
      value: -0
      objectReference: {fileID: 0}
    - target: {fileID: 4455476868306637493, guid: 898076ee79d159e468867205acafc9f2,
        type: 3}
      propertyPath: m_LocalRotation.z
      value: -0
      objectReference: {fileID: 0}
    - target: {fileID: 4455476868306637493, guid: 898076ee79d159e468867205acafc9f2,
        type: 3}
      propertyPath: m_LocalRotation.w
      value: 1
      objectReference: {fileID: 0}
    - target: {fileID: 4455476868306637493, guid: 898076ee79d159e468867205acafc9f2,
        type: 3}
      propertyPath: m_RootOrder
      value: 1
      objectReference: {fileID: 0}
    - target: {fileID: 4455476868306637493, guid: 898076ee79d159e468867205acafc9f2,
        type: 3}
      propertyPath: m_LocalEulerAnglesHint.x
      value: 0
      objectReference: {fileID: 0}
    - target: {fileID: 4455476868306637493, guid: 898076ee79d159e468867205acafc9f2,
        type: 3}
      propertyPath: m_LocalEulerAnglesHint.y
      value: 0
      objectReference: {fileID: 0}
    - target: {fileID: 4455476868306637493, guid: 898076ee79d159e468867205acafc9f2,
        type: 3}
      propertyPath: m_LocalEulerAnglesHint.z
      value: 0
      objectReference: {fileID: 0}
    m_RemovedComponents: []
  m_SourcePrefab: {fileID: 100100000, guid: 898076ee79d159e468867205acafc9f2, type: 3}
--- !u!4 &7085315797599243369 stripped
Transform:
  m_CorrespondingSourceObject: {fileID: 4455476868306637493, guid: 898076ee79d159e468867205acafc9f2,
    type: 3}
  m_PrefabInstance: {fileID: 6881801181887127260}
  m_PrefabAsset: {fileID: 0}
--- !u!1001 &8199843460242482408
PrefabInstance:
  m_ObjectHideFlags: 0
  serializedVersion: 2
  m_Modification:
    m_TransformParent: {fileID: 3468484105274316681}
    m_Modifications:
    - target: {fileID: 4787499493672874364, guid: 928badceffad7e7438b3b1e6ccb3ad21,
        type: 3}
      propertyPath: m_Name
      value: Phonearm
      objectReference: {fileID: 0}
    - target: {fileID: 4787499493672874336, guid: 928badceffad7e7438b3b1e6ccb3ad21,
        type: 3}
      propertyPath: m_LocalPosition.x
      value: 2.8150291
      objectReference: {fileID: 0}
    - target: {fileID: 4787499493672874336, guid: 928badceffad7e7438b3b1e6ccb3ad21,
        type: 3}
      propertyPath: m_LocalPosition.y
      value: 1.5395467
      objectReference: {fileID: 0}
    - target: {fileID: 4787499493672874336, guid: 928badceffad7e7438b3b1e6ccb3ad21,
        type: 3}
      propertyPath: m_LocalPosition.z
      value: 0
      objectReference: {fileID: 0}
    - target: {fileID: 4787499493672874336, guid: 928badceffad7e7438b3b1e6ccb3ad21,
        type: 3}
      propertyPath: m_LocalRotation.x
      value: -0
      objectReference: {fileID: 0}
    - target: {fileID: 4787499493672874336, guid: 928badceffad7e7438b3b1e6ccb3ad21,
        type: 3}
      propertyPath: m_LocalRotation.y
      value: -0
      objectReference: {fileID: 0}
    - target: {fileID: 4787499493672874336, guid: 928badceffad7e7438b3b1e6ccb3ad21,
        type: 3}
      propertyPath: m_LocalRotation.z
      value: -0
      objectReference: {fileID: 0}
    - target: {fileID: 4787499493672874336, guid: 928badceffad7e7438b3b1e6ccb3ad21,
        type: 3}
      propertyPath: m_LocalRotation.w
      value: 1
      objectReference: {fileID: 0}
    - target: {fileID: 4787499493672874336, guid: 928badceffad7e7438b3b1e6ccb3ad21,
        type: 3}
      propertyPath: m_RootOrder
      value: 3
      objectReference: {fileID: 0}
    - target: {fileID: 4787499493672874336, guid: 928badceffad7e7438b3b1e6ccb3ad21,
        type: 3}
      propertyPath: m_LocalEulerAnglesHint.x
      value: 0
      objectReference: {fileID: 0}
    - target: {fileID: 4787499493672874336, guid: 928badceffad7e7438b3b1e6ccb3ad21,
        type: 3}
      propertyPath: m_LocalEulerAnglesHint.y
      value: 0
      objectReference: {fileID: 0}
    - target: {fileID: 4787499493672874336, guid: 928badceffad7e7438b3b1e6ccb3ad21,
        type: 3}
      propertyPath: m_LocalEulerAnglesHint.z
      value: 0
      objectReference: {fileID: 0}
    m_RemovedComponents: []
  m_SourcePrefab: {fileID: 100100000, guid: 928badceffad7e7438b3b1e6ccb3ad21, type: 3}
--- !u!4 &3727625077884966280 stripped
Transform:
  m_CorrespondingSourceObject: {fileID: 4787499493672874336, guid: 928badceffad7e7438b3b1e6ccb3ad21,
    type: 3}
  m_PrefabInstance: {fileID: 8199843460242482408}
  m_PrefabAsset: {fileID: 0}
--- !u!1001 &9061095350755780516
PrefabInstance:
  m_ObjectHideFlags: 0
  serializedVersion: 2
  m_Modification:
    m_TransformParent: {fileID: 3468484105274316681}
    m_Modifications:
    - target: {fileID: 4772214065932944308, guid: 6a7645f33ab6d9044a01f97b4e29d61d,
        type: 3}
      propertyPath: m_Name
      value: Connector5
      objectReference: {fileID: 0}
    - target: {fileID: 4772214065932944296, guid: 6a7645f33ab6d9044a01f97b4e29d61d,
        type: 3}
      propertyPath: m_LocalPosition.x
      value: 1.0294763
      objectReference: {fileID: 0}
    - target: {fileID: 4772214065932944296, guid: 6a7645f33ab6d9044a01f97b4e29d61d,
        type: 3}
      propertyPath: m_LocalPosition.y
      value: -1.282183
      objectReference: {fileID: 0}
    - target: {fileID: 4772214065932944296, guid: 6a7645f33ab6d9044a01f97b4e29d61d,
        type: 3}
      propertyPath: m_LocalPosition.z
      value: 0
      objectReference: {fileID: 0}
    - target: {fileID: 4772214065932944296, guid: 6a7645f33ab6d9044a01f97b4e29d61d,
        type: 3}
      propertyPath: m_LocalRotation.x
      value: -0
      objectReference: {fileID: 0}
    - target: {fileID: 4772214065932944296, guid: 6a7645f33ab6d9044a01f97b4e29d61d,
        type: 3}
      propertyPath: m_LocalRotation.y
      value: -0
      objectReference: {fileID: 0}
    - target: {fileID: 4772214065932944296, guid: 6a7645f33ab6d9044a01f97b4e29d61d,
        type: 3}
      propertyPath: m_LocalRotation.z
      value: -0
      objectReference: {fileID: 0}
    - target: {fileID: 4772214065932944296, guid: 6a7645f33ab6d9044a01f97b4e29d61d,
        type: 3}
      propertyPath: m_LocalRotation.w
      value: 1
      objectReference: {fileID: 0}
    - target: {fileID: 4772214065932944296, guid: 6a7645f33ab6d9044a01f97b4e29d61d,
        type: 3}
      propertyPath: m_RootOrder
      value: 2
      objectReference: {fileID: 0}
    - target: {fileID: 4772214065932944296, guid: 6a7645f33ab6d9044a01f97b4e29d61d,
        type: 3}
      propertyPath: m_LocalEulerAnglesHint.x
      value: 0
      objectReference: {fileID: 0}
    - target: {fileID: 4772214065932944296, guid: 6a7645f33ab6d9044a01f97b4e29d61d,
        type: 3}
      propertyPath: m_LocalEulerAnglesHint.y
      value: 0
      objectReference: {fileID: 0}
    - target: {fileID: 4772214065932944296, guid: 6a7645f33ab6d9044a01f97b4e29d61d,
        type: 3}
      propertyPath: m_LocalEulerAnglesHint.z
      value: 0
      objectReference: {fileID: 0}
    m_RemovedComponents: []
  m_SourcePrefab: {fileID: 100100000, guid: 6a7645f33ab6d9044a01f97b4e29d61d, type: 3}
--- !u!4 &4577123274566378508 stripped
Transform:
  m_CorrespondingSourceObject: {fileID: 4772214065932944296, guid: 6a7645f33ab6d9044a01f97b4e29d61d,
    type: 3}
  m_PrefabInstance: {fileID: 9061095350755780516}
  m_PrefabAsset: {fileID: 0}
